2452 4626
44 306 48 333 ‚
113 279 180 371 rsa
376 222 946 342 ιιιιιιιιιιῑοιιιιιιιιιτιιιιιιιε*Ι

111 460 186 516 siris.
219 461 408 529 intelligamus
424 468 534 526 autem,
552 468 599 511 aut
615 461 721 531 Virgilii
738 469 846 527 tantum
864 480 978 532 agrum:
1001 473 1049 517 aut
1064 466 1150 518 totius

112 533 245 584 Mantuae
262 529 380 599 [situm]
404 548 462 583 esse
484 531 659 598 descriptum.
700 531 790 598 [Quod
814 532 861 584 aiii
884 534 979 584 dicunt
1002 534 1149 602 Virgilium

114 599 258 653 ostendere
276 599 405 664 voluisse,
428 599 501 667 qnod
518 598 676 651 Mantuanis
699 614 750 669 per
772 600 949 668 iniquitatem
966 600 1056 653 Alieni
1074 605 1148 667 Vari,

112 669 163 738 qui
188 684 269 741 agros
291 667 394 732 divisit,
415 675 525 737 praeter
551 667 681 741 palustria
707 668 775 719 nihil
797 670 926 720 relictum
947 672 1092 721 sit:·sicut
1117 688 1149 721 ex

112 739 238 790 oratione
257 735 380 789 Cornelii
395 735 425 787 in
438 735 568 786 Alfenum
584 737 750 786 ostenditur:
770 736 839 786 Cum
860 739 958 788 iussus
976 743 1032 788 tric
1052 741 1146 801 millia

111 823 216 876 passus
241 823 258 854 a
283 822 362 855 muro
389 807 420 854 iu
446 804 557 853 diuersa
586 805 756 870 relinquere,
788 819 819 856 ut
844 809 1017 873 octingentos
1042 820 1146 874 passus

113 892 218 942 cquae,
243 891 314 941 quae
337 874 511 923 circumdata
537 884 591 935 est,
614 874 804 937 admetirer't's,
830 876 1015 939 relinquistis.
1037 877 1051 909 *
1085 877 1146 926 Ser-

112 962 210 1008 ccsse3
235 939 431 1010 recuperasse]
465 941 640 1007 Menalcam
666 934 724 993 ise
742 951 861 994 vestrum
879 945 1040 1011 Virgilium,
1057 945 1146 1012 [cuius

111 1010 193 1067 censa
215 1012 276 1078 agri
299 1009 458 1061 Mantuanis
480 1009 579 1061 redditi
601 1008 684 1074 sunt]
703 1037 735 1051 -
783 1018 793 1066 Ι
801 1016 823 1067 1.
849 1013 991 1063 Audierat
1016 1024 1041 1063 et
1058 1013 1145 1080 fama

110 1085 185 1155 suit3
211 1079 433 1136 benevolentiam
451 1078 564 1146 quidem
587 1079 699 1144 Augusti
725 1079 810 1131 etiam
833 1081 909 1133 fama
934 1081 1066 1150 vulgarits
1096 1082 1145 1135 sed

112 1168 176 1207 eam
206 1149 272 1201 belli
296 1147 397 1199 Actiaci
427 1147 572 1199 necessitas
602 1145 751 1213 impedivit
794 1147 846 1198 Sed
869 1153 998 1201 earmina
1026 1162 1145 1214 tantum,

112 1234 210 1274 nostru
229 1218 322 1268 valent
334 1215 446 1284 Lyside
465 1216 519 1266 tela
538 1218 610 1266 inter
630 1218 749 1278 mortim
767 1217 820 1268 hoc
838 1219 923 1270 etiam
940 1219 1040 1271 Cicero
1057 1221 1098 1271 ait
1114 1221 1144 1271 in

110 1287 265 1342 Miloniana
283 1289 317 1349 (c.
334 1290 385 1347 4.)ι
409 1283 499 1334 Silent
526 1286 600 1334 enim
619 1285 691 1351 leges
710 1287 784 1336 inter
801 1304 889 1337 arma.
922 1286 1032 1354 [Sensus
1048 1295 1144 1339 tumen

111 1367 165 1413 est:
191 1355 238 1408 sed
263 1352 386 1406 videlicet
408 1352 461 1403 hoo
484 1361 630 1421 tempore,
650 1353 668 1404 i.
696 1371 734 1417 e.,
764 1354 794 1406 in
817 1355 870 1405 hoc
896 1355 983 1420 bello,
1013 1361 1143 1424 poemata

111 1434 220 1489 nostra,
237 1438 292 1474 non
310 1422 387 1474 valde
403 1421 598 1489 admittuntur;
624 1424 752 1472 cerruina
770 1431 864 1474 autem
881 1425 1021 1490 nonnulli,
1044 1426 1141 1494 quibus

111 1495 163 1547 sibi
181 1492 334 1544 Pollionem
350 1490 564 1542 intercessorem
581 1490 652 1556 apud
671 1494 824 1557 Augustum
842 1493 1048 1558 conciliaverat,
1072 1494 1142 1546 ecci-

110 1564 198 1635 piant,
214 1576 269 1629 quo
286 1561 388 1626 fugato,
404 1574 498 1609 rursus
513 1557 547 1609 de
560 1558 678 1624 praediis
691 1560 745 1611 suis
757 1560 848 1611 fuerat
861 1560 987 1628 Virgilius
1002 1559 1143 1631 expulsus}

49 1685 53 1693 Ι
110 1659 145 1671 -
164 1638 205 1688 15.
224 1628 368 1679 Chaonias
387 1627 485 1678 dicunt
496 1626 598 1691 Aquila
617 1630 741 1677 veniente
760 1629 919 1693 columbos,¹
938 1631 1047 1691 minora
1065 1631 1142 1683 enim

110 1699 225 1767 auguria
242 1697 392 1748 maioribus
409 1697 522 1758 cedunt,
545 1702 598 1746 nec
615 1696 735 1746 ullarum
752 1705 815 1747 sunt
831 1698 944 1748 virium:
967 1698 1032 1749 licet
1048 1700 1141 1768 priora

108 1771 170 1822 sint.
207 1766 350 1817 Chaonios
367 1774 460 1817 autem
474 1763 636 1830 Epiroticas.
669 1762 764 1832 [Nam]
780 1765 810 1816 iu
824 1767 909 1836 Epiro
927 1767 1026 1818 dicitur
1043 1783 1142 1819 nemus

45 1872 49 1881 ι
107 1838 204 1898 sitisse,
233 1836 262 1886 in
288 1850 347 1903 quo,
362 1849 494 1902 responsa
520 1832 623 1884 dabant
649 1833 806 1894 columbam
838 1834 912 1902 quod
934 1836 995 1886 ideo
1020 1835 1142 1902 fingitur,

109 1906 180 1976 quia·
197 1904 291 1970 lingue
316 1902 445 1954 Thessala
467 1900 591 1952 Peliades
614 1909 641 1952 et
664 1901 830 1966 Columbae,
852 1902 916 1969 [et]
939 1903 1140 1955 vaticinatrices

108 1980 255 2036 vocantur,
272 1972 435 2041 [Herodotus
452 1971 523 2021 lianc
541 1969 698 2020 columbam
717 1968 750 2020 de
767 1973 890 2038 Aegypto
908 1972 1012 2023 venisse
1031 1972 1089 2036 ait]
1106 1998 1140 2010 -

39 2036 43 2041 ⁴
109 2050 152 2100 14.
170 2040 360 2109 Quocunque,
385 2038 500 2090 subaudi
519 2041 635 2088 ratione.
669 2039 705 2087 Et
731 2038 801 2089 benc
819 2039 928 2105 augurii
945 2040 1075 2109 peritiam
1093 2042 1140 2093 dat

108 2112 148 2175 ei,
171 2112 276 2178 dequo
294 2126 377 2178 supra
394 2113 435 2174 (8,
453 2106 506 2169 97.)
524 2106 575 2156 ait:
601 2105 657 2155 His
675 2124 722 2172 ego
742 2124 822 2174 saepe
841 2108 937 2173 lupum
956 2108 1044 2176 fieri,
1067 2121 1139 2160 etse

36 2212 39 2219 ·
109 2181 225 2232 condere
243 2179 325 2229 silvis
344 2177 478 2239 Moerim,
501 2192 581 2238 saepe
599 2177 712 2225 animas
737 2177 804 2226 imis
823 2181 913 2227 excire
931 2179 1069 2242 sepulcris
1087 2186 1138 2230 etc.

108 2247 206 2300 Nouus
225 2248 302 2308 lites;
320 2260 448 2313 magnas,
466 2244 484 2294 i.
501 2262 526 2295 e.
542 2243 673 2294 militarie
690 2245 787 2309 iurgia.
821 2244 975 2312 [incidere‚
993 2262 1044 2313 pro
1063 2248 1136 2297 deci-

108 2315 190 2382 dere]
214 2341 248 2352 -
289 2321 330 2372 15.
356 2315 424 2362 Ante
450 2314 571 2362 sinistra
595 2328 663 2363 cova
689 2316 844 2362 monuisset
871 2316 904 2364 ab
930 2317 994 2364 ilice
1019 2317 1137 2379 cornie3

109 2387 183 2454 [ante
201 2385 320 2434 sinistra
338 2382 452 2434 indivise
468 2381 623 2447 legendum.
642 2380 693 2431 'Et
706 2381 822 2432 dicendo
842 2385 996 2433 monuisset
1014 2384 1137 2436 oscinem

108 2455 190 2507 fuisse
208 2453 385 2504 demonstrat.
420 2447 500 2513 Sane]
517 2449 570 2500 hoc
588 2449 623 2500 ad
640 2450 801 2515 augnrelem
819 2451 937 2519 pertinet
953 2453 1134 2521 disciplinam.

106 2525 230 2590 Augures
254 2521 328 2572 enim
351 2518 494 2586 designant
518 2517 605 2587 spatia
628 2517 710 2567 lituo:
741 2526 768 2570 et
792 2518 830 2569 eis
844 2519 920 2570 dant
944 2522 1075 2572 nomina:
1105 2529 1136 2571 ut

106 2593 197 2662 prima
214 2604 277 2657 pars
295 2587 523 2649 dicatur¹antice,
536 2586 676 2651 posterior
693 2587 813 2652 postica:
829 2588 897 2638 item
915 2588 1008 2641 dextra
1026 2596 1055 2641 et
1072 2589 1135 2640 sini·

105 2668 169 2711 stra.
192 2659 276 2709 Modo
290 2652 358 2725 ergo
372 2653 512 2706 cornicem
525 2653 559 2704 de
571 2653 645 2704 nulla
661 2654 763 2705 herum
779 2664 858 2724 parte
875 2656 977 2708 venisse
994 2657 1069 2721 dicit,
1086 2659 1135 2710 sed

107 2727 142 2780 ab
160 2727 250 2778 antica
267 2727 302 2778 ed
319 2725 456 2777 sinistram
474 2730 582 2792 partem
598 2721 713 2774 volasse:
736 2731 764 2774 et
785 2725 816 2774 in
830 2741 895 2776 cava
917 2725 980 2776 ilice
998 2726 1136 2778 consedis-

104 2811 148 2848 se:
173 2812 243 2864 qiiae
266 2811 310 2847 res
334 2808 466 2862 agrorum
491 2793 623 2842 damnum
645 2791 825 2856 significabat.
858 2794 913 2844 Iler
935 2794 1010 2845 enim
1028 2795 1134 2860 glandi-

103 2866 162 2917 fera
187 2864 271 2915 arhor
295 2871 349 2920 est;
379 2877 449 2928 quae
473 2859 605 2927 quoniam
628 2859 722 2909 vitiosa
749 2868 803 2924 est,
835 2862 930 2912 vitium
945 2864 1134 2931 possessionis

104 2931 223 2984 ostendit
244 2933 304 2982 iore
322 2948 372 3001 per
389 2928 488 2979 milites
506 2927 632 2979 elamore.
645 2929 793 2994 gaudentes
810 2936 837 2979 et
858 2930 964 2993 litibus,
985 2931 1057 2981 sicut
1073 2947 1133 2982 cor·

102 3001 156 3052 nir.
204 3001 275 3051 Nirm
298 2999 367 3051 haec
391 2997 445 3049 evis
470 3004 497 3048 et
520 2997 643 3046 clamore
666 2996 800 3061 laetatur,
831 3005 859 3049 et
881 2999 948 3050 alias
970 3000 1132 3069 frequenter

101 3069 211 3121 invadit
245 3070 303 3118 Hoc
328 3083 394 3133 ergo
418 3080 491 3115 nunc
515 3064 594 3115 dicit:
620 3065 734 3130 augurio
758 3081 786 3117 se
809 3082 866 3127 esse
889 3068 1078 3132 admonitum,
1102 3076 1132 3118 ut

102 3137 253 3189 abstineret
270 3135 305 3187 ab
323 3149 439 3186 occursu
456 3132 567 3199 litigiosi
585 3131 691 3196 militis,
716 3134 774 3201 qui·
785 3142 940 3186 retenturus
963 3137 1055 3191 fueret
1072 3152 1131 3204 pos-

56 3196 62 3211 '
99 3205 254 3258 sessionem.
273 3230 307 3241 —
343 3209 383 3261 16,
404 3201 484 3251 Tuus
501 3200 623 3263 Moeris;
641 3200 659 3250 i.
680 3218 718 3271 e„
742 3201 816 3251 Tuus
833 3203 944 3254 airricus.
979 3205 1053 3272 [lpse
1071 3206 1131 3256 Me-

102 3276 217 3340 nalcas,·
242 3288 292 3342 pro
310 3271 439 3340 Virgilio,
463 3270 524 3336 qui,
541 3270 607 3319 dum
625 3284 705 3336 egros
723 3285 783 3320 suos
800 3271 935 3337 defendit,
952 3289 1040 3339 paene
1059 3276 1130 3324 occi-

99 3359 143 3394 sus
161 3340 221 3405 est]
239 3368 273 3378 -
316 3346 358 3397 17.
376 3338 438 3389 Heu
457 3338 535 3387 cudit
563 3342 594 3387 in
612 3354 767 3404 quenquam
793 3351 901 3389 tontum
927 3343 1033 3404 scelus,·
1057 3351 1131 3410 post·

98 3426 184 3480 quam
208 3409 295 3461 audiit
318 3409 405 3460 occidi
427 3407 546 3476 potuisse
564 3406 724 3474 Virgilium,
748 3407 825 3474 quasi
849 3409 1001 3477 obstupuit,
1025 3418 1056 3479 et¹
1076 3412 1149 3465 hoc,

96 3478 264 3547 generaliter
287 3479 366 3530 dicit:
390 3478 480 3527 Potest
501 3473 530 3524 in
554 3491 711 3543 qrsenqusm
734 3483 841 3526 tantum
864 3480 941 3528 nefas
964 3479 1076 3545 venire,
1099 3486 1129 3530 ut

97 3548 243 3614 Virgilium
266 3564 366 3599 necare
389 3541 556 3595 contendat?
574 3569 607 3579 -
643 3549 684 3599 18.
703 3540 791 3592 Paene
810 3547 897 3596 simul
915 3559 1003 3595 tecum
1022 3549 1127 3599 solatia

99 3629 179 3682 rapta
198 3615 346 3677 Menalca3
371 3629 434 3665 cum
452 3612 506 3663 suis
524 3610 599 3661 enim
617 3612 717 3662 solatiis
735 3612 809 3681 perit
825 3618 920 3679 poeta,
943 3616 989 3682 qni
1007 3617 1126 3667 necdum

97 3685 177 3737 editis
200 3683 369 3734 carminibus
392 3681 517 3731 moritur.
559 3680 686 3746 Virgilius
709 3680 805 3731 autem
828 3683 876 3733 illo
907 3691 1034 3750 tempore
1059 3680 1126 3737 rion-

10 3750 15 3755 ’
96 3755 164 3805 dum
195 3752 299 3818 aliquid
321 3753 473 3817 scripserat.
523 3745 558 3795 Et
581 3747 696 3799 dicendo
719 3748 827 3800 Solatia
858 3752 974 3804 latenter
998 3761 1127 3820 tempera

94 3822 186 3890 carpit
202 3820 330 3888 Augusti,
354 3817 452 3887 quibus
476 3814 601 3866 carmina
624 3832 682 3868 non
705 3817 907 3871 oblectamento
930 3822 1057 3886 fuerent,
1079 3823 1126 3873 sed

123 3986 159 4037 10)
187 3989 210 4025 ln
224 3987 269 4026 loco
284 3965 420 4033 conuertitis
433 3981 480 4030 sne)
495 3977 562 4020 Buris.
577 3984 623 4022 hab.
639 3987 756 4037 reliquistis.
786 3987 867 4030 Vossius
886 3987 952 4035 cort:
972 3992 1009 4031 eia
1029 3992 1081 4043 (pro
1095 3993 1126 4043 ut)

97 4082 101 4093 ,
178 4046 256 4095 octing-
270 4065 296 4081 ι-
310 4046 415 4105 circgweet,
429 4054 477 4082 cum
491 4039 564 4080 cernet·
579 4041 692 4094 reliquisse.
