2430 4620
111 320 115 327 .
144 276 208 344 iil
399 271 541 338 ssavn
563 271 920 340 COMMENTARIUS

141 464 230 509 vestro
247 464 341 512 estote.
357 483 392 496 -
426 463 462 517 47
486 459 604 522 Stabit&
620 459 666 513 hic
683 460 851 513 immutabili
869 469 897 515 et
912 474 1023 528 semper
1039 461 1170 513 manenti.

141 526 274 579 Fatorum
294 531 427 590 numine,-
445 529 511 597 sata
530 531 602 581 dicta
625 547 642 581 a
660 528 769 596 fundae
793 531 872 598 quia,
894 546 966 598 quse
981 530 1087 582 Parcae
1103 531 1176 581 dire·

140 603 221 659 runt,
236 596 306 649 haec
323 596 506 648 credebantur
525 598 632 650 evenire
649 596 819 650 mortalibus.
853 598 974 650 Numine
990 606 1102 663 autem,
1117 600 1135 649 i.
1148 615 1176 651 e.

141 673 290 734 potestate,
305 664 486 729 divinatione,
502 683 533 717 ac
551 668 704 718 maiestate.
739 665 859 729 Parcae,
885 682 957 735 qliae
975 674 1004 717 et
1020 667 1113 719 iuriae
1129 665 1176 717 in-

137 734 273 792 fernales:
302 733 391 785 dictae
423 735 525 786 Pareae
556 730 615 787 κατ’
636 731 810 803 dera'ppaatv,
841 735 906 803 quia
935 734 1002 786 nulli
1035 730 1176 804 parcunt}

143 801 299 854 conoeides
323 803 420 853 stabili
438 802 569 870 fatorum
594 807 709 854 numine
735 804 854 868 Parem
878 818 945 855 narn
968 810 997 854 et
1019 803 1096 872 quod
1118 818 1176 853 un·

140 871 253 935 dixerit,
276 871 346 922 duae
369 880 534 938 sequnntur:
559 880 587 923 et
610 873 661 923 sua
685 880 748 924 sunt
764 880 864 925 statiua
881 872 1021 936 istorum,
1043 870 1176 923 Horatiun

140 939 245 1003 (Carm.
260 939 345 992 Secel
354 939 423 1000 26.):
440 939 522 1006 Quod
538 943 740 993 semidictum
755 952 803 1004 est,
820 941 988 1008 stabilisque
1002 958 1097 992 rerum
1106 939 1176 989 Ter-

142 1011 239 1059 minus
257 1021 403 1059 serven-
444 1008 489 1067 ⁴¹).
508 1011 586 1063 Iovis
604 1013 804 1061 incrementum
810 1033 821 1074 ,-
845 1011 1064 1071 nutrimentum,
1087 1016 1117 1060 et
1132 1020 1176 1059 en

139 1076 259 1146 sralgsre,
276 1077 349 1145 quod
365 1076 490 1130 bucolico
507 1079 635 1149 congruit
650 1078 777 1131 carmini.
788 1102 822 1117 -·
857 1084 900 1136 50.
916 1076 1072 1130 Nisaeum
1086 1092 1176 1127 muns

142 1146 227 1206 ἀυτῆς
249 1153 344 1209 nutat,
367 1148 556 1215 praesentibus
579 1146 658 1200 malis
683 1147 770 1216 [sicut
789 1155 854 1227 post
875 1145 972 1203 laetari
996 1146 1079 1197 illum
1095 1145 1176 1196 dicit!

139 1214 227 1268 laetus
251 1222 305 1279 est,
328 1213 407 1265 bonis
433 1216 532 1268 tuturis
555 1218 602 1285 [et
624 1215 696 1267 bene
719 1231 796 1284 quan
817 1223 1011 1269 renascentem
1034 1213 1176 1267 densium

141 1282 211 1336 Sane
233 1284 324 1334 lovem
349 1282 449 1334 merito
472 1301 623 1354 puerorum
648 1285 743 1336 dicunt
764 1283 938 1336 incrementa
962 1294 1082 1348 curare,
1106 1281 1176 1351 quid

140 1369 204 1403 cum
223 1353 301 1423 pueri
317 1359 413 1419 togam
430 1353 537 1405 virilem
554 1353 734 1423 sumpserint,
750 1353 786 1403 ad
803 1352 971 1420 Capitolium
987 1359 1067 1404 eunt.
1099 1350 1176 1401 Nam

50 1442 55 1460 ¹
141 1429 170 1473 ct
185 1422 215 1472 iu
235 1420 299 1471 VIII·
317 1423 399 1485 (615.)
422 1423 551 1474 Ascanius
574 1422 604 1473 in
620 1422 781 1473 Numanum
804 1422 950 1474 intendem
967 1418 1176 1489 sagittando:

140 1505 203 1541 vem
233 1488 322 1558 magis
349 1488 496 1543 invocavit:
525 1491 651 1557 luppiter
680 1492 855 1556 omnipotens
885 1491 1047 1545 audacibus
1078 1503 1176 1539 anns:

142 1557 282 1677 caeptis&
301 1556 445 1620 Convexo;
463 1575 560 1623 osirin,
576 1560 716 1612 inclinato.
731 1586 766 1596 -
801 1566 844 1616 51.
860 1558 1010 1626 [Tractus;
1032 1575 1050 1610 a
1067 1570 1176 1677 Ἣ

112 1638 115 1643 ·
141 1628 237 1679 tudine
276 1626 358 1677 'ctum
375 1627 434 1678 acci
455 1629 510 1679 itur
534 1637 563 1680 et
579 1627 651 1680 bene
673 1644 724 1697 per
747 1626 929 1679 haecomnia
951 1626 1093 1679 mundum
1125 1625 1130 1636 '

140 1694 195 1761 sit]
213 1721 246 1733 -
280 1700 322 1752 53.
347 1694 373 1746 O
392 1645 464 1748 milii
487 1708 545 1746 tam
563 1697 645 1764 longe
670 1709 781 1746 maneat
797 1714 865 1762 pars
884 1697 985 1747 ultima
1004 1698 1098 1757 vitem
1119 1698 1176 1742 utt.

142 1780 208 1816 nam
231 1764 333 1833 possim
355 1764 411 1815 frui
435 1766 489 1816 vita
519 1765 692 1832 longissima:
717 1772 746 1815 et
775 1766 879 1817 habere
903 1772 1012 1816 tantum
1036 1764 1176 1834 spiritus!¹

141 1841 258 1900 quantus
282 1832 366 1899 possit
387 1832 511 1885 sulficere
535 1835 569 1885 ad
593 1842 657 1886 tuae
679 1833 784 1884 virtutis
805 1833 1111 1887 commemorationem.
1133 1854 1163 1871 -

140 1907 185 1960 55.
203 1900 268 1954 Non
288 1919 328 1950 me
347 1904 524 1952 carminibus
543 1905 648 1967 vincet,
672 1918 720 1952 nee
739 1900 879 1953 Thracius
899 1901 1046 1977 Orpheus,
1071 1917 1176 1971 gene-2

141 1969 197 2020 stili
213 1968 293 2089 ulie]
311 1967 439 2036 Orpheo,
463 1970 505 2023 vel
520 1971 591 2022 Lino
609 1970 755 2022 meliorem
773 1972 833 2023 lore
850 1977 1064 2037 commemorat
1098 1970 1176 2020 Na.-

142 2052 199 2091 non
222 2039 243 2090 si
265 2040 273 2090 i
299 2047 425 2104 arrogat:
449 2040 497 2090 sed
520 2039 574 2091 hoc
591 2040 670 2091 dicit:
694 2040 783 2091 Tanta
800 2047 842 2092 est
858 2042 976 2091 materia
993 2047 1060 2091 tuse
1078 2038 1176 2090 laum

142 2115 174 2157 ut
189 2108 273 2160 etism
296 2107 401 2159 humile
424 2108 568 2175 ingenium
590 2109 620 2160 in
645 2124 677 2161 ea
695 2106 748 2175 [ra]
771 2112 853 2178 supra
871 2114 967 2160 omnes
984 2108 1072 2178 possit
1087 2122 1176 2159 esce

139 2173 207 2228 lere.
227 2200 263 2239 -,
294 2182 336 2233 56.
354 2174 445 2239 Lino,
469 2176 555 2228 Linus
573 2193 637 2228 vero
654 2192 718 2226 cum
733 2191 836 2229 nomen
852 2176 970 2228 hominis
987 2176 1117 2240 dicimus,
1133 2173 1176 2229 Ie

141 2243 230 2297 brevis
248 2251 295 2298 est.
329 2244 428 2296 Statius
445 2245 541 2310 (Theb.
554 2252 580 2306 6,
596 2247 663 2305 finti:
680 2244 775 2296 Media
788 2242 882 2296 Linus
900 2249 1068 2296 intertextus
1086 2261 1162 2295 acu

140 2313 196 2365 tiso.
230 2313 301 2365 Cum
323 2312 438 2380 [nutem]
460 2315 548 2365 linum
567 2315 695 2376 dicimus,
719 2314 795 2365 filum
811 2314 1009 2382 significantes,
1033 2312 1074 2366 Li
1090 2314 1161 2380 longe

141 2389 196 2446 est,
218 2399 282 2433 cum
300 2382 465 2451 producatur
482 2385 555 2450 apud
573 2383 701 2434 Graecos.
735 2381 831 2450 [Linus
848 2383 978 2452 Apollinis
996 2390 1024 2434 et
1039 2383 1175 2451 Pramus,

140 2450 226 2516 lilius,
241 2450 291 2518 qui
307 2451 475 2518 theologiam
492 2451 594 2502 scribit
630 2453 727 2511 Atisim
750 2466 801 2517 pro
819 2453 915 2504 faveat.
932 2478 966 2491 -
1003 2459 1046 2508 57.
1065 2450 1159 2503 Callis·

140 2537 208 2586 psa,-
233 2518 341 2571 Graeca
365 2518 540 2585 declinium]
556 2548 589 2557 -
632 2526 674 2578 58.
694 2518 752 2568 Pan
777 2521 876 2580 esinm3
900 2520 973 2571 redit
996 2520 1032 2571 sd
1056 2522 1161 2573 numine

139 2590 254 2661 rustica:
271 2605 336 2638 nam
353 2588 417 2639 satis
434 2597 586 2641 excesserat
602 2588 718 2640 dicendo
736 2587 840 2638 Linum
858 2593 976 2657 poetam,
994 2585 1046 2655 [et]
1059 2586 1176 2659 Orphea]

139 2656 306 2723 theologum.
320 2681 352 2694 ·-
390 2662 431 2714 59.
448 2658 569 2707 Arcadia
590 2659 698 2719 iudice,
716 2672 786 2724 quae
804 2659 830 2708 ei
847 2657 933 2721 lavet,
948 2657 997 2707 ubi
1014 2657 1121 2708 colitur.
1134 2658 1163 2697 -'·

140 2732 183 2783 50.
200 2725 274 2775 Risu
294 2742 457 2789 cognoscere
476 2739 606 2790 manem,-
630 2725 726 2777 alludit
743 2726 777 2775 ad
795 2726 837 2789 id,
859 2726 932 2793 quod
949 2728 1057 2777 factum
1074 2735 1163 2791 eattae

139 2810 201 2846 rem
226 2795 379 2846 naturalem
403 2795 450 2846 ait.
485 2795 560 2845 Sicut
583 2795 658 2846 enim
682 2794 801 2844 maiorer
818 2792 907 2860 [natu]
924 2811 953 2846 se
976 2809 1163 2846 sermonem·

139 2870 288 2930 gnoscimt:
305 2864 342 2914 ita
358 2864 475 2915 infantes
488 2863 639 2931 [parentes]
651 2863 708 2914 risu
722 2878 751 2913 se
766 2863 888 2913 indicant
900 2877 1062 2931 agnoscere.
1096 2865 1164 2932 Ergo

139 2929 197 2984 hoc'
212 2931 291 2982 dicit:
309 2932 402 2998 Incipe
421 2933 582 3003 parentibus
599 2934 737 2983 arridere:
755 2937 783 2981 et
800 2930 846 2997 eis,
854 2948 902 2998 spe
922 2931 1023 2982 ominis
1040 2932 1108 2982 boui
1123 2933 1166 2984 de·

138 3000 250 3053 trahere
267 3000 481 3052 solicitudinem:
500 3009 530 3050 ut
547 3008 574 3053 et
590 3001 641 3070 ipsi
656 3000 707 3054 tibi
722 2999 872 3051 arrideant.
884 3028 916 3038 —
951 3005 994 3057 61.
1014 2999 1165 3066 Pulcrum,-

140 3070 186 3120 alii
205 3070 373 3119 abstulerint
390 3070 498 3136 legunt,
517 3079 553 3119 ut.
564 3070 610 3120 sit:
628 3068 654 3118 si
673 3068 780 3130 riseris,
797 3067 961 3120 abstulerint
976 3069 1076 3130 decem
1093 3086 1165 3123 men-

138 3155 180 3191 ses
196 3137 278 3188 matri
297 3146 360 3188 tuae
377 3139 460 3205 longa
476 3137 592 3190 fastidia.
626 3137 711 3187 Matri
736 3137 812 3188 enirn
830 3137 925 3189 decem
949 3153 1059 3189 menses
1075 3138 1167 3191 attule-

56 3216 62 3224 “
138 3214 205 3258 runt
227 3206 309 3272 longa
338 3207 454 3273 iastidia.
516 3206 605 3274 [Quia
633 3214 818 3276 praegnantes
847 3206 935 3256 solent
964 3207 1076 3258 fastidia
1103 3206 1166 3276 pati,

107 3310 110 3315 -
137 3275 239 3327 Decem
259 3292 380 3336 mensem
403 3276 469 3343 quia
486 3291 575 3326 mares
599 3277 629 3326 in
646 3275 753 3325 decimo
777 3283 927 3325 nascuntur
952 3290 1064 3338 mense,
1090 3275 1174 3343 femi--

135 3362 189 3397 rrae
208 3344 319 3395 veroin
336 3344 430 3409 nonu]
447 3372 482 3381 —
515 3350 559 3402 62.
579 3343 633 3394 Cui
658 3360 715 3394 non
741 3345 827 3394 risere
849 3341 991 3410 parentes,
1015 3341 1076 3403 Nec
1101 3344 1168 3399 deus

109 3456 111 3463 ,
137 3414 213 3464 launo
227 3412 341 3474 mensa,
359 3414 409 3464 dea
429 3430 479 3463 nee
497 3415 615 3480 dignata
634 3413 724 3462 cubili
742 3423 797 3474 est,
815 3413 885 3463 sicut
901 3412 1021 3464 Vlrlcano
1039 3413 1166 3481 contigit:

135 3480 184 3552 qui
207 3493 272 3533 cum
296 3481 428 3533 deformis
452 3490 536 3545 esset,
558 3489 585 3532 et
593 3483 669 3541 ‚luno
694 3480 721 3532 ei
746 3481 863 3533 minime
880 3481 1030 3545 arrisisset,
1054 3482 1091 3533 ab
1107 3483 1168 3536 love

136 3559 178 3617 est
201 3551 395 3620 praecipitatus
415 3551 448 3602 -in
473 3551 592 3602 insulam
615 3549 761 3601 Lemnum.
794 3550 852 3601 Illic
875 3549 993 3600 nutritus
1017 3549 1056 3600 ab
1072 3550 1169 3617 Sintiis,

137 3620 276 3685 oumlovi
293 3621 410 3675 fulmins
426 3619 596 3682 fabricasset,
614 3635 669 3669 non
687 3626 728 3670 est
742 3618 875 3669 admissus
889 3617 922 3668 ad
937 3619 1031 3687 epulas
1046 3617 1169 3675 deorum·

117 3690 233 3755 ¹,Postea
250 3706 314 3740 cum
331 3696 444 3756 rogaret
468 3696 498 3738 ut
515 3689 557 3738 vel
573 3687 714 3739 Minervae
731 3686 894 3753 coniugium
910 3686 1074 3752 sortiretur,
1096 3705 1171 3756 spre-

136 3759 232 3810 tus·ab
250 3775 283 3810 ea
300 3764 350 3809 est.
384 3758 461 3809 Unde
480 3756 583 3807 divinos
606 3757 727 3808 honores
750 3772 805 3808 non
824 3755 941 3819 meruit,
963 3755 999 3806 ad
1016 3772 1086 3824 quos
1103 3755 1174 3829 [aut]

157 3846 186 3880 er
204 3827 359 3888 conuivium
376 3826 532 3886 numinum,
549 3833 596 3876 aut
613 3840 664 3891 per
681 3824 905 3876 coniunctionem
921 3825 1028 3875 venitur
1047 3825 1174 3879 dearum.

135 3846 206 3954 ilinc
230 3904 281 3964 est,
302 3895 376 3967 quod
400 3893 502 3946 lunoni¹
520 3895 579 3963 agit
601 3894 631 3946 in
653 3893 746 3964 primo
762 3894 860 3948 Aaolm
883 3893 1001 3965 gratias,
1023 3894 1101 3966 quod
1125 3913 1176 3969 per

164 4064 201 4117 47)
229 4069 252 4109 la
266 4075 327 4106 resen
340 4065 412 4106 Horae.
427 4073 456 4106 aas
470 4064 535 4107 enies.
549 4065 617 4116 steph.
631 4065 687 4106 ma
