2452 4626
4 312 7 331 ζ
76 198 136 315 ω’
263 194 271 329 J
337 232 478 296 sssvu
502 176 855 332 conum-snepha

74 416 154 487 niam
170 420 276 489 antiqui
293 421 380 474 nostri
398 419 493 475 omnia
510 422 650 474 contraria
673 421 703 474 in
727 422 827 477 funere
844 423 1003 491 faciebant]
1036 425 1121 481 Scuta

74 487 160 538 etiam
176 488 342 544 invertentes
356 501 476 560 propter
494 489 609 543 numina
626 492 683 543 illic
700 491 822 561 depicta,
849 512 885 546 ne
910 511 1009 546 eorum
1031 497 1119 548 simu-

72 556 147 608 lacra
164 559 302 612 cadaveris
319 562 509 630 polluerentur
526 566 653 628 espectu',
670 561 752 629 [sicut
768 561 895 617 habuisse
911 564 1031 616 Arcades
1047 565 1118 617 Bac·

73 625 189 678 chilides
204 631 234 681 in
251 630 434 698 dithyrambis
451 628 533 692 dicit,
551 637 578 680 et
594 630 674 696 hoc,]
693 637 723 680 ut
739 633 877 684 nonnullis
893 633 996 684 frustra
1014 634 1116 702 placet.

72 695 151 745 Nem'
169 696 315 767 lugentum
339 715 399 750 mos
423 706 464 752 est
481 698 582 769 prioris
605 699 714 750 habitus
738 699 905 752 immutatio.
941 701 1005 770 [Alii
1022 706 1116 755 versis

73 769 163 816 armis
181 768 211 819 in
221 769 374 837 obliquum
386 768 473 825 ,versis
490 767 586 833 scutis,
610 785 653 823 na
669 767 848 834 splenderent
863 771 991 840 insignia.
1026 773 1114 823 Arma

72 843 169 887 eutem
185 846 265 889 scuta
279 838 349 902 dici,
365 837 424 907 ipse
442 836 578 903 declarat,
595 843 626 886 ut
643 843 704 906 (10,
722 837 808 899 stit:
825 837 955 890 Lausum
974 845 1048 892 socii
1066 861 1113 892 ex·

72 908 196 956 animem
215 925 299 975 super
324 925 405 957 orma
422 906 569 975 ferebant3
594 904 642 957 sed
668 913 758 976 potest
781 906 835 960 hoc
859 909 894 960 de
917 910 1003 960 armis
1026 912 1113 962 versis

71 989 129 1027 uon
146 977 181 1028 ad
198 977 318 1030 Arcades
334 972 447 1041 solum,¹
461 975 511 1026 sed
534 975 570 1025 ad
593 990 689 1027 omnes
712 974 859 1043 pertinere.
893 979 934 1029 An
952 982 1043 1030 versis
1063 998 1110 1030 ar-

72 1047 143 1114 mis,
161 1046 235 1115 quod
251 1047 420 1111 interempto
437 1036 558 1095 Pallante
576 1042 659 1094 victos
676 1043 735 1096 iam
752 1059 781 1096 se
799 1044 917 1096 Arcades
934 1047 1111 1100 arbitraban-

70 1125 126 1168 tur.
159 1114 213 1168 alii
230 1116 341 1179 dicunt,
364 1113 437 1165 hunc
455 1128 567 1177 morem
584 1113 681 1178 fnisse,
704 1121 735 1162 ut
751 1113 787 1164 de
801 1129 851 1164 suo
862 1115 939 1167 duce
964 1133 1111 1185 nunquam

70 1200 137 1237 voce
155 1193 321 1253 quereretur
338 1182 488 1247 exercitus,
511 1199 546 1233 ne
563 1181 661 1233 seditio
678 1176 811 1251 paulatim
827 1183 998 1251 insurgeret,
1014 1202 1130 1238 verum=

71 1269 219 1308 armorum
244 1254 372 1304 ordinem
395 1258 534 1302 mutantes
558 1259 635 1302 scuta
659 1250 757 1319 supina
781 1255 932 1318 portarent.
972 1254 1047 1322 Ergo
1066 1255 1110 1307 vel

70 1327 176 1376 Aeneas
199 1323 235 1374 ab
258 1320 410 1373 Arcadibus
433 1319 574 1387 arguitur,
603 1320 677 1388 quod
700 1319 786 1370 Pallas
809 1336 866 1373 non
889 1320 925 1371 sit
948 1322 1109 1390 vindicatus,

70 1393 113 1444 vel
130 1393 273 1456 Euander,
296 1388 371 1460 quod
393 1390 458 1440 novi
473 1388 588 1455 hospitis
613 1387 704 1456 gretia
726 1387 930 1442 adolescentem
954 1399 1060 1445 temere
1078 1392 1108 1443 iu

68 1461 143 1514 bella
167 1462 331 1529 proiecerat.
348 1486 383 1496 —
417 1461 462 1514 94.
481 1457 755 1527 Comitum-potest
774 1474 826 1525 pro
845 1463 1042 1511 comitantium
1060 1477 1108 1512 ac-

68 1532 132 1599 cipi.
149 1557 185 1570 -
219 1535 262 1588 95.
281 1527 464 1592 Gemituque5
489 1527 566 1578 deest
583 1525 667 1590 cum]
683 1553 719 1565 -·
753 1530 796 1584 96.
813 1527 894 1578 Alias
918 1529 985 1579 hinc
1010 1532 1047 1581 ad
1065 1533 1107 1581 la-

70 1617 200 1665 crymam
217 1599 254 1651 ad
271 1597 354 1650 aliam
371 1596 557 1664 sepult-uram,
573 1595 603 1664 [i.
620 1614 660 1662 e.,
675 1584 834 1648 ad'ceteros
850 1597 1037 1666 sepeliendos,
1054 1602 1103 1668 qui
1123 1612 1127 1621 ‘

12 1673 17 1691 ⁸
63 1671 169 1722 'eodem
193 1667 300 1739 praelio
324 1663 504 1729 ceciderunt]
521 1690 555 1701 -
596 1670 639 1721 97.
664 1663 745 1715 Salve
770 1673 837 1728 etc.;
862 1667 960 1718 Varro
974 1667 1005 1719 in
1027 1669 1106 1722 libris

67 1737 246 1806 Lo'gistoricis
264 1735 342 1787 dicit:
359 1735 425 1785 Ideo
442 1735 565 1787 mortuis
583 1732 690 1784 Salve
708 1745 733 1783 et
754 1733 842 1785 Vale
860 1735 933 1786 dici.-
954 1747 1012 1794 non
1030 1741 1106 1805 quod

68 1821 119 1858 aut
137 1803 260 1859 valere
284 1817 339 1861 out,
351 1805 453 1859 solvi
471 1801 529 1853 esse
546 1814 667 1869 possunt
685 1803 727 1871 (el.
745 1804 884 1869 possint),
908 1806 956 1856 sed
973 1809 1048 1872 quod
1066 1812 1102 1859 ab

67 1878 114 1930 his
134 1878 303 1940 recedimus,
320 1892 367 1926 eos
387 1870 541 1939 numquam
559 1873 662 1922 visuri.
696 1873 767 1923 Hinc
786 1880 879 1923 ortum
896 1881 952 1939 est,
969 1883 999 1924 ut
1016 1876 1103 1928 etiarn

67 1947 208 2000 maledicti
225 1943 456 2013 significationem
473 1940 615 1993 interdum
629 1941 722 1992 valens
740 1941 872 1994 obtineat.
905 1943 942 1993 Ut
954 1943 1104 1997 Terentius

67 2016 162 2083 (Andr,
179 2020 212 2079 4,
228 2023 262 2079 2,
281 2013 349 2076 14.):
377 2010 564 2078 Valeant'qui
581 2013 655 2061 inter
673 2027 726 2061 nos
744 2011 899 2062 discidium
918 2013 1031 2079 volunt,
1048 2015 1103 2067 hoc

36 2116 38 2125 ι
66 2094 122 2151 est,
144 2088 183 2136 its.
200 2101 216 2134 a
239 2081 319 2135 nobis
336 2081 491 2142 discedant,
515 2089 546 2130 ut
568 2095 712 2148 nunquam
735 2081 770 2132 ad
786 2087 912 2131 nostrum
929 2090 1107 2137 revertantur

66 2163 219 2222 aspectum.
254 2151 330 2218 Ergo
351 2165 416 2199 cum
435 2156 545 2198 mortuo
564 2149 664 2200 dicitur
681 2149 759 2214 vale,
780 2164 837 2200 non
855 2150 1021 2220 etymologia
1038 2169 1104 2205 con·

65 2224 285 2283 siderandum,
308 2218 358 2270 sed
375 2217 557 2281 consuetudo,
581 2217 655 2285 quod
679 2217 760 2268 nullis
777 2219 835 2270 vale
858 2217 992 2286 dicimus,
1014 2222 1068 2273 nisi
1086 2241 1104 2276 a

63 2294 165 2363 quibus
187 2289 351 2344 recedimus.
368 2315 404 2324 -
445 2292 506 2344 100.
531 2286 683 2350 oratore„-
705 2286 805 2354 legati:
830 2304 846 2339 a
869 2291 1027 2354 perorando
1051 2308 1104 2361 pro

63 2360 208 2430 republica
225 2356 378 2420 nominati,
396 2354 481 2424 [quod
500 2357 634 2420 orabunt,
659 2355 678 2408 i.
694 2374 718 2406 e.
736 2358 870 2423 agebant,
888 2358 961 2411 uude
979 2366 1007 2411 'et
1024 2373 1101 2412 octo-

65 2450 110 2484 res
128 2445 295 2491 causarum,
313 2437 438 2477 oratores
455 2423 648 2495 appellantur]
685 2423 756 2475 Urbe
773 2423 896 2491 Latina3
915 2443 965 2498 pro
983 2427 1101 2481 Latini.-

64 2501 83 2553 i.
101 2518 125 2553 e.
142 2500 176 2551 de
193 2494 393 2549 Laurolauinio.
407 2518 453 2532 -·
478 2500 537 2551 101.
560 2494 651 2544 Veluti
670 2496 758 2545 ramis
778 2495 941 2556 oleaesnon
959 2500 1100 2561 coronati;

63 2586 116 2623 nec
141 2569 217 2620 enim
233 2566 358 2633 lugentes
375 2560 506 2624 decebat3
531 2563 645 2629 [utqui
667 2579 718 2632 pro
741 2563 857 2614 mortuis
880 2566 1101 2634 precabantur‚]

64 2639 113 2691 sed
129 2636 272 2699 instructi,
297 2641 326 2685 et
343 2632 449 2684 ornati:
471 2631 489 2682 i.
509 2648 531 2682 c.
549 2632 579 2682 in
603 2632 730 2682 manibus
748 2632 835 2684 olivae
850 2643 945 2684 ramos
969 2637 1099 2689 ferentes.

64 2708 139 2768 Sicut
163 2708 299 2756 Homerus
324 2700 510 2768 (11.a,14.):
534 2695 676 2768 Zeiritai
697 2700 765 2765 ἔχων
789 2699 818 2752 ἰν
841 2709 929 2770 χερσὶν
956 2688 1099 2773 [ἑκηβόλου

61 2770 256 2838 Ἀπόλλωνος.]
296 2772 392 2822 Velari
416 2777 526 2836 autem,
551 2771 659 2822 ornari:
684 2779 712 2823 et
734 2771 782 2822 illo
806 2771 867 2822 loco
892 2774 1028 2841 significat
1052 2780 1098 2842 (5,

64 2849 151 2909 afim:
178 2843 284 2893 Victori
302 2841 424 2892 velatum
442 2857 513 2890 auro
532 2841 665 2906 vittisque
684 2841 848 2891 iuvencum:
871 2858 936 2892 cum
952 2844 1024 2894 vittis
1040 2860 1099 2897 non

60 2923 112 2970 aut
134 2913 257 2966 velentur
281 2919 328 2962 aut
345 2917 515 2959 coronentur
530 2909 674 2973 victimae,
698 2909 745 2961 scd
769 2920 917 2975 ornentur,
940 2913 999 2979 [aut
1024 2922 1101 2966 certe

60 2985 166 3047 ueluti,
182 2982 217 3034 ab
236 2980 313 3030 omui
327 2978 432 3030 iniuria
449 2979 528 3043 tecti,
545 2978 606 3030 iure
625 2977 769 3045 gentium]
808 2979 978 3048 Veniamque
997 3000 1102 3049 rogan·
1145 3002 1147 3009 ·

61 3067 121 3120 ως
142 3050 313 3103 'beneficium
332 3049 423 3115 [iuxta
435 3046 586 3115 antiquum
603 3046 720 3099 modum
737 3049 856 3115 dictum,
880 3049 933 3100 hoc
951 3059 992 3103 est
1009 3052 1100 3119 sepul·
1141 3094 1147 3117 ,

59 3131 156 3177 turam
174 3120 227 3170 suis
245 3114 390 3185 petentes]
408 3142 448 3173 -,
478 3122 538 3172 102.
557 3115 642 3168 Ferro
662 3133 731 3184 quoe
749 3117 839 3185 fusa3
857 3120 931 3188 fuso
950 3120 1032 3171 modo
1056 3123 1101 3172 in·
1144 3164 1147 3177 ,

59 3198 217 3259 teresnpta,
240 3187 306 3243 alias
329 3188 439 3252 fugata,
463 3185 511 3249 sed
536 3185 729 3237 discernuntur
754 3187 896 3253 epithetis:
921 3196 953 3237 ut
976 3189 998 3238 si
1016 3189 1100 3255 dicas,
1145 3190 1147 3209 ²

59 3262 140 3316 forro
157 3261 232 3310 tusus
250 3265 305 3315 est,
328 3255 370 3306 vel
387 3262 464 3306 metu
479 3254 563 3305 iussus.
581 3280 615 3291 -·
650 3259 711 3313 103.
728 3252 862 3306 Redderes
867 3280 876 3321 ,·
901 3256 1018 3308 ostendit
1041 3259 1101 3310 iam

61 3344 177 3397 campos
199 3326 229 3377 in
254 3324 441 3376 Troianorum
464 3339 523 3374 esse
546 3330 690 3394 potestate.
715 3350 748 3362 -
792 3329 852 3381 104.
876 3324 1008 3394 [Nullum
1034 3345 1100 3379 eum

61 3400 148 3455 victis
174 3407 327 3458 certamem
353 3393 429 3444 deest
452 3409 512 3442 esse
537 3392 660 3460 oportet]
695 3393 731 3444 Et
755 3393 861 3445 aethere
888 3398 995 3456 cassim
1019 3397 1054 3465 [i.
1073 3417 1098 3451 e.
1142 3432 1147 3463 J

60 3465 135 3532 luce]
154 3464 258 3520 vacuis:
283 3463 355 3515 unde
375 3469 402 3513 et
420 3463 507 3525 retia,
531 3478 625 3513 casses
646 3461 770 3514 dicimus.
804 3463 841 3513 Et
857 3464 1020 3516 vestimenta
1037 3483 1100 3520 ara·
1144 3514 1147 3519 .

61 3551 182 3588 neotum
207 3549 300 3582 casses
325 3531 461 3582 dicuntur:
502 3532 561 3583 Hoc
589 3539 685 3584 autem
715 3531 786 3583 bene
812 3531 933 3603 addidit,
964 3537 1099 3602 qnoniam
1144 3586 1147 3595 ,

60 3604 127 3655 vinti
150 3609 263 3671 possunt
284 3601 415 3655 innovare
438 3608 590 3654 certamen.
609 3616 644 3638 -ὲ
679 3606 738 3659 106.
756 3600 864 3668 [Bonus
879 3603 1002 3666 Aeneas3
1026 3604 1101 3672 ideo,

62 3673 129 3742 qula
152 3669 188 3725 ab
213 3685 246 3722 eo
271 3670 352 3724 facile
375 3669 560 3740 impetratum]
600 3668 688 3724 Haud
713 3672 907 3737 aspernanda;
931 3674 1017 3739 iusta,
1041 3691 1099 3727 non
1126 3708 1128 3715 ›

61 3737 280 3797 contemnenda..
316 3737 478 3808 Sepidturee
501 3740 577 3791 enim
601 3739 769 3792 beneficium
791 3742 958 3804 generaliter
981 3743 1099 3796 debetur

62 3811 203 3864 universis.
220 3835 255 3845 —
291 3814 352 3865 107.
369 3807 489 3873 [Venia‚·
512 3810 598 3875 'quem
614 3807 760 3879 petebant,
783 3816 831 3860 esst
849 3814 947 3876 venia,
970 3812 1101 3865 humani·

62 3879 140 3946 tate]
174 3879 294 3945 Insuper
311 3877 407 3941 addit5
431 3877 587 3929 accumulat
602 3877 692 3933 verbis
715 3876 896 3942 heneficium,
921 3881 1028 3946 dicens,
1051 3900 1100 3951 pe-

62 3965 128 4006 cem
150 3965 180 4001 se
204 3947 289 4000 etiam
312 3945 377 3996 vivis
397 3946 466 3998 velle
489 3954 639 4012 praestare.
680 3936 804 4014 [Pacein]
827 3947 944 4016 aut[em]
966 3950 1029 4003 ideo
1053 3952 1099 4004 de·

63 4018 174 4083 functis,
189 4014 256 4085 quie
272 4013 311 4066 ait
326 4029 425 4085 supra:
444 4012 567 4067 Nullum
583 4033 646 4066 eum
661 4017 745 4066 vietis
760 4026 912 4082 certamen,
930 4025 959 4071 et
975 4027 1100 4073 mortuo·
1139 4028 1147 4149 ,¹

1136 4144 1147 4339 l
