2452 4626
1016 110 1020 125 ,
1079 92 1089 119 ἱ

1003 134 1011 151 a

242 299 278 339 n
302 278 460 340 vireu.
485 278 645 341 croac.
668 280 700 354 1,
726 270 920 366 ist—rsa
975 306 981 319 1
1038 290 1100 354 193

63 465 139 515 later
164 481 254 516 venas
277 464 350 513 saxi.
384 462 566 526 Aletrium,-
592 462 724 515 latentem
741 471 769 515 et
793 464 1014 533 quasidiviuitus
1036 454 1098 520 abe

66 534 226 585 conditum:
251 532 286 582 Et
303 532 356 582 hoc
374 533 504 598 estquod
521 531 603 599 dixit,
625 533 774 600 ignemque
791 534 917 585 removit.
948 534 1020 587 Saue
1036 536 1102 589 abs-¹

64 602 206 653 conditum
223 600 322 652 dicitur
339 606 394 651 uon
412 600 590 664 absconsum,
614 601 678 666 quia
694 600 836 651 conditum
853 602 935 667 lacit,
955 619 1013 656 nou
1029 622 1095 658 cou-

63 687 129 721 sum.
149 698 185 707 —
223 676 282 727 136.
300 671 404 733 Aluos;
430 670 536 721 arboris
552 669 657 735 species
674 676 702 721 et
717 685 768 737 per
791 670 845 721 hoc
860 670 956 722 lintres
973 672 1109 729 fluviales·

63 740 188 791 ostendit
223 737 377 816 Fluniy‘pi.
396 756 419 789 e.
437 739 484 807 qui
507 737 537 788 in
555 737 644 787 fluviis
660 740 796 804 navigant.
831 738 944 789 Sensere
962 756 1093 795 cavatas·

60 808 111 857 hoc
129 817 173 858 est
191 808 264 876 quod
289 814 327 856 ait
343 805 502 873 paulatim]
520 833 553 843 -
595 812 655 862 137.
674 805 797 870 Navito,·
821 823 873 874 pro
898 821 1002 858 nauta.-
1025 787 1097 866 sicui

59 876 180 926 Mavors
198 892 249 943 pro
262 875 351 925 Mars.
386 874 525 925 Numeros
545 886 569 923 ct
588 875 704 923 nomina
717 875 805 942 fecit,¹
822 892 953 938 numeros
970 886 1017 929 aut
1032 882 1099 932 cur.'

59 946 141 998 rendi
159 947 273 1009 modos,
290 944 307 994 i.
325 962 349 995 e.
366 940 441 994 ornis
459 951 487 996 et
503 959 628 994 occasus:
651 945 723 1009 quod
742 944 762 992 si
782 951 835 1006 est,
860 945 937 1012 quasi
955 962 1017 999 rem
1032 949 1095 1018 phi·

56 1014 239 1082 iosaphorum
262 1012 451 1079 praetermisit
472 1011 578 1078 (Guelt'.
594 1012 614 1061 l.
632 1014 717 1077 quasi
732 1011 801 1078 plyil.
817 1030 858 1078 pr.
876 1014 1003 1076 «ἑστακώς
1026 1034 1094 1069 nam

59 1090 169 1132 tantum
187 1083 222 1133 de
245 1079 404 1132 nominibus
421 1080 500 1142 dicit,
524 1089 554 1129 ut
570 1079 713 1146 pleiadas,
736 1081 851 1149 hyadas.
886 1086 940 1133 Aut
963 1092 1039 1138 certe
1062 1104 1095 1141 re

60 1168 127 1201 vera
145 1151 184 1200 ait
202 1168 349 1201 nurneros:
366 1165 433 1200 nam
445 1148 616 1218 Hipparchus
634 1148 741 1215 scripsit
757 1150 791 1200 de
808 1149 907 1217 Signis:
925 1159 954 1203 et
970 1169 1094 1209 comme-

61 1219 181 1271 moravit
204 1220 305 1283 enam,
327 1219 542 1287 unumquodque
563 1216 674 1283 siguum
698 1225 765 1285 quot
780 1218 882 1282 claras,
907 1229 975 1288 quot
997 1208 1102 1276 securi·>¹

63 1288 116 1339 dae
139 1287 220 1352 lucis,
245 1295 313 1355 quot
336 1287 466 1337 obscuras
487 1284 576 1336 stellas
599 1282 714 1348 habeat,
747 1288 897 1338 secundum
922 1291 995 1356 ryuod
1020 1292 1092 1347 bene

62 1357 290 1429 commemoratis
307 1352 405 1423 signis,
420 1355 498 1423 quasi
514 1353 630 1418 notum,
647 1353 787 1405 stellarum
805 1371 953 1406 numerum
971 1369 1093 1428 praeter.

60 1427 144 1478 misit.
177 1426 244 1491 [Aut
262 1440 400 1488 numeros,
417 1422 482 1493 quia
495 1421 529 1474 Se
548 1423 716 1473 tentrionem
734 1423 862 1479 dicimus:
880 1425 1006 1477 Nomina
1017 1429 1092 1498 fecis

60 1511 139 1558 vero,
163 1493 323 1552 notaminu3
346 1493 454 1543 Plautus
477 1493 506 1543 in
531 1441 705 1542 ileiiechmis
728 1494 839 1557 (2,1.):
863 1494 998 1547 Iuventas
1016 1498 1091 1566 fecis

61 1580 161 1614 nomen
185 1564 335 1628 pamicula
361 1561 439 1611 milti.
468 1560 516 1617 ¹Et
536 1560 566 1610 in
589 1575 637 1624 eo,
666 1562 740 1627 quod
764 1561 843 1626 dicit,
873 1571 986 1615 nautum
1009 1568 1092 1621 stellis
1127 1594 1129 1604 ·

59 1647 192 1683 numeros
210 1639 240 1683 et
262 1631 376 1682 nomina
398 1628 666 1696 facissersiguiiicat
689 1631 852 1693 necessitate
868 1634 1091 1697 quaerendarum

59 1716 172 1765 rerum,
202 1716 272 1768 quae
302 1706 365 1752 ante
393 1704 490 1765 sponte
520 1713 568 1747 sua
591 1697 695 1747 cunctis
722 1699 932 1766 proveniebant,
963 1703 1090 1759 homine·

59 1768 209 1838 navigandi
225 1768 354 1837 peritiam
372 1775 400 1818 et
414 1766 535 1817 studium
552 1765 700 1834 reperisse:
724 1773 800 1818 etex
818 1784 850 1819 eo
866 1768 943 1835 'quod
959 1774 1083 1840 sequitur
1106 1799 1109 1802 ·
1143 1760 1145 1767 ’

58 1840 83 1890 id
100 1837 178 1905 quod
196 1837 338 1904 praecedit
354 1835 478 1887 ostendit.
512 1833 663 1900 Navigaudi
687 1834 788 1904 quippe
812 1837 942 1902 peritiam
966 1813 1091 1911 sepuitud

58 1906 179 1957 studium
197 1914 304 1971 motus,
321 1913 349 1957 et
364 1904 484 1956 rationes
501 1903 623 1953 siderum
641 1905 836 1968 cognoscendi,
853 1902 968 1972 propter
984 1915 1090 1980 tempe-

57 1984 156 2026 statem
182 1974 283 2040 maris,
302 1981 335 2039 ¹et
357 1980 501 2026 ventorum
524 1971 633 2036 motus]
651 1996 684 2006 —
721 1977 781 2028 138.
806 1973 951 2038 Pleiadum
977 1978 1088 2042 siguum

58 2053 96 2094 est
114 2051 182 2095 ante
200 2058 291 2110 genua
308 2041 410 2104 Tauri,
434 2039 507 2107 quod
525 2039 636 2106 [Graeci
662 2032 726 2106 lssov
750 2041 846 2091 dicunt
867 2043 886 2092 i.
905 2061 934 2094 e.-
954 2049 1087 2112 petimen.

57 2112 178 2180 Quidam
196 2119 289 2162 autem
306 2127 363 2162 non
380 2108 505 2159 omnium
522 2108 607 2157 boum
625 2099 704 2175 i‘ssov,
722 2109 769 2160 sed
786 2125 884 2160 eorum
900 2119 1024 2180 tautum,
1039 2116 1088 2184 qui

56 2190 131 2246 sunt,
148 2182 189 2233 ita
207 2188 237 2231 ut
254 2181 363 2250 Cyprii,
381 2177 522 2246 gibberes;
539 2176 609 2226 sicut
625 2177 781 2228 Aristoteles
798 2194 906 2246 quoque
922 2182 1023 2245 refert,
1039 2184 1087 2237 sed

57 2258 82 2301 et
103 2250 208 2317 gibber
229 2249 322 2318 ipsum
345 2242 410 2317 ῧβον
432 2245 573 2310 nominat,
596 2245 643 2296 sed
662 2244 798 2311 Pleiades]
822 2256 885 2297 ortu
908 2264 956 2298 suo
976 2253 1088 2321 primae

56 2318 236 2386 riuvigationis
262 2325 370 2386 tempus
401 2314 547 2366 ostendunt
566 2312 686 2375 x(Guelf-
712 2314 731 2364 1.
755 2316 788 2366 11.
813 2319 959 2380 ostendit).
1009 2320 1087 2374 Unde

57 2387 165 2439 Graece
190 2386 315 2437 Pleiades
340 2387 469 2437 dicuntur
493 2377 549 2433 aiud
573 2378 622 2433 τοῦ
646 2379 749 2434 alteo.-
774 2385 872 2436 Latine
890 2387 1040 2454 Vergiliae,
1070 2407 1100 2442 a·

56 2457 131 2507 verni
150 2464 212 2524 tem
233 2456 287 2505 oris
305 2449 518 2522 significatione,
541 2467 595 2519 quo
614 2453 752 2502 oriuntur:
775 2454 828 2521 [vel
846 2454 919 2521 quod
935 2455 1045 2507 Pliones
1059 2457 1103 2510 et'

55 2525 168 2576 Atlantis
185 2525 258 2575 filiae
273 2523 335 2575 sint.
369 2522 437 2572 Sunt
454 2528 547 2570 alitem
571 2526 693 2584 septem:
717 2520 853 2589 Taygete,
879 2522 1011 2590 Alcyone,
1034 2527 1086 2578 Ce-

55 2591 151 2656 laeno,
181 2592 308 2663 Sterope,
339 2593 470 2659 Merope,
500 2587 591 2650 Maia,
615 2587 739 2653 Electra,
769 2607 839 2658 quae
863 2595 982 2642 excisum
1004 2595 1087 2646 ilium

57 2661 160 2724 dolens,
174 2661 269 2714 lucere
287 2660 378 2710 desiit:
397 2659 510 2726 quidam
523 2655 658 2722 Meropen
674 2657 767 2708 volunt
782 2675 839 2710 nou
856 2675 998 2727 apparere,
1015 2663 1088 2717 velut

56 2729 267 2780 erubescentem
275 2758 291 2791 ,ι
305 2729 378 2795 quod
400 2728 456 2777 sola
481 2744 495 2776 e
514 2725 652 2775 sororibus
670 2740 733 2775 cum
750 2727 862 2796 Sisypho
887 2731 998 2780 mortali
1021 2725 1097 2781 con?

55 2798 192 2850 cubuerit.
226 2796 345 2865 Hyadas
351 2795 380 2863 5]
394 2791 518 2863 ‘Hyades
541 2793 654 2861 (autem)
677 2793 786 2862 signum
811 2805 852 2848 est
873 2796 925 2864 [et]
947 2798 978 2848 in
993 2799 1085 2852 fronite
1148 2810 1154 2827 ⁸

78 2991 130 3040 138)
160 2991 187 3030 G.
202 2988 293 3028 Pleiades
307 2997 354 3029 sunt
366 2976 435 3029 stellae
449 2991 470 3028 in
484 2991 547 3030 cauda
556 2994 624 3038 Tituri,
639 3006 689 3044 quae
703 2996 825 3033 vcrnoortu
840 2988 937 3038 Vorgffiao
952 2991 1084 3040 appellantur.

138 3050 184 3086 Has
203 3062 215 3085 a
235 3054 297 3084 maire
317 3048 397 3085 Polione
418 3049 527 3097 (Pleione)
553 3050 633 3099 quidam
657 3050 769 3088 nominatas
796 3046 922 3094 minimuum
948 3047 999 3085 sicut
1023 3048 1085 3087 otim

136 3104 256 3144 Auentinus
271 3118 282 3141 a
296 3110 359 3140 matrs
374 3105 446 3152 (patio)
460 3105 550 3146 Atlante.
579 3107 664 3151 Plcidcs,
680 3120 730 3157 (lunc
744 3103 882 3151 navigantibus
897 3111 943 3142 ortu
955 3119 991 3141 suo
1005 3104 1083 3173 primas

136 3170 272 3222 migetiana
286 3177 363 3221 tenpus
378 3172 496 3216 ostendunt,
511 3159 588 3210 iniliom
602 3165 684 3215 AIIO
704 3163 750 3212 To
766 3156 924 3210 HACTIN
946 3154 1016 3222 (circo
1034 3153 1084 3211 sod

137 3229 270 3287 ήλὸἶθνες)
291 3242 304 3279 i.
320 3256 336 3279 c.
351 3243 428 3291 plures,
448 3255 498 3291 quac
512 3241 533 3278 iu
548 3254 587 3278 uno
601 3241 645 3277 loco
667 3253 708 3277 csse
729 3238 829 3275 videntur.
843 3256 868 3264 -
895 3235 973 3273 Deinde
988 3236 1041 3274 idern
1057 3237 1083 3274 G.

137 3303 226 3354 Hyadae
240 3307 287 3339 sinit
299 3299 368 3336 stellae
383 3299 404 3335 in
418 3298 482 3334 fronte
498 3297 571 3341 '1¹.un=i,
591 3305 613 3335 ut
627 3295 724 3335 Chaldaei
739 3295 831 3336 tradunt,
850 3292 939 3329 nutrices
953 3292 1022 3330 Liberi
1043 3307 1083 3343 pa-

137 3361 187 3404 nii,
209 3366 232 3396 ut
246 3360 352 3400 Musaeus,
373 3357 397 3393 ab
417 3357 462 3404 Ilyn
482 3354 555 3398 fratrc,
574 3367 632 3403 quom
652 3353 673 3390 iu
691 3351 797 3390 venatione
817 3350 958 3398 interemptum
978 3351 1083 3396 flaverunt,

137 3418 195 3455 undo
215 3416 287 3453 dietae.
314 3413 357 3450 Alii
376 3419 413 3449 cto.
433 3411 458 3448 ol*-
479 3412 505 3448 ad
526 3411 551 3448 A.
565 3412 591 3454 1,
608 3408 656 3448 7118.
669 3431 695 3439 -
728 3411 806 3458 Lycum
824 3409 878 3444 euim
893 3402 944 3442 em'
964 3406 989 3443 G.
1010 3407 1082 3446 Alter-s

136 3486 231 3512 ursanus
246 3479 289 3515 ιίῑς
303 3470 323 3506 iu
338 3475 433 3519 ‹puanlnm
447 3468 525 3517 (quam,
539 3468 560 3504 iu
575 3480 634 3516 qnam
649 3467 699 3514 tum)
712 3465 853 3512 transfigurata
866 3468 898 3501 cst
911 3462 985 3500 Calisto
999 3464 1083 3512 Lycao-

134 3531 168 3568 nis
182 3530 234 3575 fllia,
255 3527 332 3565 Dianae
352 3527 372 3562 in
386 3525 499 3563 venatione.
513 3536 589 3568 coines,
611 3537 669 3572 quam
682 3521 771 3572 Iuppiter
790 3519 901 3563 adamavit,
923 3525 943 3556 et
961 3518 983 3556 iu
996 3520 1083 3556 Dianam

137 3600 209 3624 versus
230 3598 275 3622 otuu
295 3597 318 3620 aa
337 3581 456 3629 concnbnin
476 3593 526 3631 quim
546 3594 591 3618 cuin
611 3579 687 3628 pinguis
707 3577 842 3627 apparuisset,
863 3576 888 3612 do
902 3588 938 3613 suo
952 3574 964 3594 '¹
979 3575 1083 3624 (cornitulo

134 3644 213 3689 Dimisi)
233 3654 278 3678 cam
297 3639 393 3683 removit,
414 3652 464 3688 qliae
483 3630 583 3676 Arcadem
603 3649 686 3685 puerum
704 3635 774 3671 edidit.
802 3633 842 3668 Sod
860 3633 909 3668 Inoo
924 3631 970 3667 odio
988 3630 1083 3679 pellicatu

136 3699 260 3748 (pellicatus)
278 3697 300 3733 in
318 3710 385 3733 tirsum
405 3708 448 3732 oum
468 3693 625 3742 transfiguravit,
647 3700 666 3728 ot
680 3690 762 3729 venanti
781 3689 822 3727 filio
841 3688 926 3733 enimin
944 3700 1029 3736 cumque
1049 3687 1083 3723 ills

136 3757 202 3792 seram
215 3760 307 3804 putasset
319 3752 331 3773 *
345 3754 382 3800 (et)
395 3751 472 3800 insequi
487 3750 590 3798 coepisset,
604 3749 693 3797 luppiter
707 3762 741 3784 eos
755 3747 826 3784 iisdem
840 3745 924 3794 figurans
939 3744 997 3781 astris
1011 3739 1099 3778 consw'

136 3813 208 3849 cinvil.
237 3813 266 3848 El
284 3810 318 3846 ille
338 3811 395 3846 velut
413 3822 459 3845 ursa
479 3807 567 3855 fugiens,
587 3806 621 3843 ille
636 3807 692 3842 velut
711 3805 807 3852 impetum
822 3801 896 3838 iaciens
910 3800 931 3836 in
946 3813 989 3836 eam
1003 3798 1015 3820 *
1029 3799 1084 3847 quod

135 3869 192 3905 sidus
213 3866 336 3916 septentrion
358 3865 440 3908 dicitur,
460 3865 502 3900 sivo
523 3877 533 3899 a
553 3874 636 3899 numero
656 3863 770 3903 stellarum,
791 3860 833 3895 nive
854 3858 907 3907 tyuod
927 3857 947 3891 iu
968 3863 1022 3904 [sarto
1041 3853 1084 3902 poli

137 3923 301 3974 septentrionalis
315 3922 352 3965 sit,
367 3923 405 3958 bne
420 3928 451 3957 est
464 3921 474 3939 '
491 3922 567 3956 Arcton
583 3919 705 3966 appellatur,
719 3917 776 3953 iilum
791 3921 857 3952 attium
871 3912 985 3951 Autolitum
999 3912 1084 3958 (Aruo-

136 3983 252 4031 phyleone)
274 3993 297 4015 oo
317 3980 371 4028 quod
389 3978 446 4018 iuxta
464 3977 542 4015 locutus
562 3981 628 4013 cristo·
648 3987 690 4014 esse
710 3964 818 4011 vidntur(
841 3971 924 4011 Olorem
942 3977 1009 4007 autern
1028 3966 1085 4011 «licit,

135 4039 183 4088 quis
197 4050 278 4088 semper
292 4041 380 4088 apparet.

98 4146 158 4222 H·
634 4139 636 4143 ¹
754 4109 772 4134 ''
845 4133 881 4185 rs
