2452 4626
193 303 230 345 ιιι
254 277 934 371 vtttott..1tucot.vt,78-V1t.s
1020 286 1086 356 141

60 467 269 522 Atheniehsrhus
289 465 397 539 tulisset
417 466 566 534 atmlium,
588 465 634 534 ec]
656 465 803 521 Pandionis
818 466 989 521 Athenarum
1011 469 1087 537 regis

138 539 284 589 Ριοοιιειιι
299 539 414 590 nomine
428 539 547 592 duxisset
564 554 686 601 uxorem,
703 545 731 589 et
747 546 810 604 poet
826 538 998 606 aliquantum
1015 545 1100 591 totu«

50 623 90 675 pa
105 607 144 658 ab
165 624 201 658 ea
218 615 372 674 rogaretur,
389 614 421 657 ut
435 606 489 658 sibi
501 606 683 659 Philomelam
701 621 828 658 sororem
843 622 922 658 susm
939 605 1086 661 videndam

49 683 217 739 merserat,
235 676 373 742 proiectus
389 674 510 728 Athenas
527 676 593 726 dum
611 675 723 726 adducit
739 675 877 741 puellum,
901 690 966 726 eam
984 676 1086 729 vitiavit

46 744 71 797 iu
85 744 209 808 itinere,
233 743 303 795 etei
320 742 463 810 liugttam,
485 761 522 794 ne
539 745 644 794 facinus
661 743 810 807 indicaret,
827 743 959 807 abscidit,
981 744 1086 813 [inclu-

44 828 157 881 samque
176 812 207 877 in
225 809 336 861 stabulis
354 811 404 862 reli
952 813 956 820 ’

42 883 138 951 hagio.
185 880 241 932 Sed
262 827 426 947 Philomelui
449 879 513 945 (uu
537 881 649 943 temen)
673 895 736 932 rem
758 880 788 931 iu
812 888 886 933 veste
910 895 959 931 suo
984 898 1085 935 cruore

41 950 211 1020 descriptam
229 940 311 998 misit
320 947 422 999 sorori:
438 964 494 1017 qua
510 966 542 1000 re
560 949 668 1016 cognita
680 948 785 999 Procne
802 949 873 1018 Itym
889 949 980 1000 lilium
997 951 1084 1002 iuter-

424 812 480 876 uit,
498 811 645 864 ementitus
663 811 790 879 coniugi,
816 829 880 865 eam
899 827 1005 882 perisse·
1018 830 1086 867 natt-
1181 859 1184 869 .

42 1019 126 1085 emit,
143 1025 177 1070 et
194 1017 268 1087 petri
285 1012 454 1083 epulandum
472 1017 605 1087 apposuit.
641 1016 705 1084 [Alii
722 1016 844 1068 Tereum
860 1017 967 1069 finxisse
985 1033 1083 1070 socero
1176 1036 1179 1041 ·

40 1089 136 1141 dicum
152 1087 283 1137 Procnen
302 1100 415 1136 uxorem
431 1093 588 1149 mortuam,
612 1093 640 1135 et
657 1085 756 1152 petisse
772 1085 954 1138 Philomelam
977 1086 1008 1139 ia
1024 1103 1085 1140 ma-

41 1155 224 1219 trimonium,
248 1161 276 1206 et
300 1152 353 1204 hoc
377 1152 474 1205 dolore
497 1153 667 1221 comptdsam
684 1153 809 1204 Procnen
834 1155 963 1207 occidisse
985 1155 1086 1222 filium,

42 1234 68 1278 et
83 1223 261 1294 epulandum
277 1221 351 1291 'patri
367 1221 542 1290 apposuisse,
565 1238 632 1290 qutas
657 1237 722 1272 cum
739 1220 844 1273 Tereus
866 1223 960 1292 agnito
977 1223 1084 1281 scelere

41 1289 271 1362 insequeretur,]
291 1295 332 1356 (ot
348 1288 455 1358 postea)
473 1305 570 1342 omnes
586 1289 616 1341 in
634 1306 695 1342 aves
713 1290 814 1341 mutati
830 1299 912 1361 sunt,
931 1292 1036 1345 Ter'eus
1051 1291 1084 1346 iu

41 1377 178 1432 upupam,
195 1361 248 1426 Itys
264 1359 292 1408 in
306 1357 443 1424 phaceam,
459 1360 564 1410 Procne
581 1359 609 1409 in
626 1357 812 1423 hirundinem,
827 1354 981 1416 Philomela
996 1360 1029 1430 iu
1042 1360 1085 1415 lii·

41 1431 170 1483 niniam
205 1427 339 1496 [Quidam
357 1434 452 1479 tamen
469 1443 516 1479 eos
533 1427 646 1477 navibus
664 1427 791 1495 effugisse
808 1429 978 1495 periculum,
1000 1437 1029 1481 et
1045 1429 1083 1497 ob

39 1499 221 1552 celeritatem
244 1497 344 1563 fugae,
373 1511 436 1547 ares
458 1495 608 1565 appellatos
630 1493 751 1560 volunt]
776 1522 810 1534 -
858 1501 902 1554 79.
926 1496 1082 1551 Philomela

41 1570 143 1634 dapes,-
169 1564 250 1636 atqui
265 1565 318 1615 hoc
335 1563 440 1615 Procne
456 1565 536 1615 fecit:
559 1580 616 1615 non
632 1562 800 1625 Philomela3
822 1565 869 1619 sed
894 1574 942 1617 aut
958 1566 1084 1621 abutitur

40 1637 176 1688 nomine:
202 1640 251 1684 aut
266 1632 306 1684 illi
328 1632 461 1698 imputat,
485 1639 599 1702 propter
623 1649 708 1700 quam
731 1633 837 1684 iactum
854 1641 901 1687 est.
941 1635 993 1702 [Et
1009 1634 1082 1690 lieno

39 1706 93 1756 avis
119 1711 151 1756 et
176 1700 297 1753 hominis
322 1700 433 1751 miscuit
449 1701 629 1752 mentionem.
665 1698 744 1767 Quae
762 1701 838 1752 dona
854 1702 1083 1772 parari233quoll

37 1775 139 1826 satiato
165 1770 260 1822 Tereo
283 1777 366 1841 caput
391 1776 419 1819 et
442 1769 524 1839 pedes
547 1768 596 1821 lilii
621 1783 689 1820 uxor
712 1768 844 1822 intulerit.
866 1797 901 1808 —
948 1776 991 1829 80.
1015 1771 1080 1839 Quo

38 1859 146 1906 cursu3
167 1838 240 1902 ,ticet
263 1838 383 1888 volatum
407 1838 536 1907 accipere
558 1837 724 1902 debeamus,
748 1845 843 1891 tamen
860 1837 977 1891 Deserta
995 1843 1081 1907 petie-

39 1915 76 1963 rit
103 1915 201 1981 potest
224 1905 259 1958 ad
284 1905 429 1958 homiuem
445 1904 553 1958 referri.
570 1933 603 1943 ·-
638 1912 682 1962 81.
699 1905 756 1961 Sua
776 1920 844 1958 tecta
863 1911 1081 1974 supervolitans»-

40 1983 92 2044 ηις
112 1979 172 2030 hoc
190 1975 225 2027 ad
242 1991 321 2027 arem
339 1974 467 2041 pertinet.
484 2001 519 2013 -—
552 1979 598 2030 82.
614 1973 786 2040 Meditare,-
813 1974 951 2041 canente]
959 2003 1002 2047 *7-
1035 1970 1081 2037 83¹.

38 2049 187 2108 Eurotan
211 2043 308 2094 fluvius
325 2042 485 2108 Laconum,
507 2042 555 2111 qui
578 2041 693 2109 [auita]
710 2043 747 2094 ah
763 2044 888 2114 Apolline
905 2060 967 2095 suus
984 2045 1082 2099 edocet

38 2118 151 2180 lauros,
186 2111 285 2182 quihus
309 2111 368 2163 eius
392 2111 490 2180 plenae
512 2117 575 2161 sunt
596 2110 691 2178 ripae,
720 2111 778 2179 [ibi
802 2129 930 2180 namque,
945 2113 1082 2184 templum

37 2183 178 2256 Apollinis
201 2187 254 2246 est,
276 2196 343 2233 nam
359 2179 434 2231 hunc
458 2179 574 2230 fluvium
590 2179 737 2246 Hyacinthi
760 2180 842 2233 causa
859 2181 955 2248 Apollo
979 2182 1082 2235 dicitur
1143 2186 1147 2195 '

37 2269 159 2305 emam.
194 2247 308 2299 Lauros
333 2263 397 2301 vero
421 2247 502 2299 multi
528 2263 578 2317 pro
596 2247 701 2299 vatibus
718 2249 864 2317 accipiunt.
883 2275 916 2286 -—
950 2255 994 2309 84.
1012 2250 1080 2316 ille,-

36 2321 156 2375 Sileuus.
193 2317 344 2384 Referunt;
361 2315 404 2369 vel
419 2319 527 2382 ferunt,
545 2316 586 2366 vel
603 2318 748 2386 proferunt
754 2355 763 2383 ,
780 2333 834 2386 quo
852 2317 935 2370 verbo
952 2318 1033 2372 aliter
1050 2319 1081 2373 in

37 2386 171 2460 sequenti
195 2401 275 2438 versu
298 2386 391 2439 utitur.
410 2411 444 2424 -·
477 2390 521 2443 85.
540 2384 642 2452 Cogere
661 2386 747 2436 donec
767 2403 830 2438 oues
848 2388 986 2453 stabulis3
1012 2388 1081 2440 ordo

38 2468 93 2512 est:
120 2471 226 2524 cogere
251 2455 337 2506 donec
361 2469 423 2505 ores
447 2453 561 2504 stabulis
582 2469 678 2523 vesper
702 2454 793 2520 iussit,
816 2463 844 2506 et
866 2455 950 2506 invito
968 2457 1080 2526 olympo

38 2527 188 2595 processit.
221 2521 351 2590 Referre3
375 2518 539 2586 recensere]
556 2549 590 2558 -
624 2528 668 2578 86.
685 2521 720 2571 Et
745 2524 835 2576 invito
860 2528 996 2590 processit
1020 2544 1081 2576 ves·

39 2592 91 2663 per'
115 2593 257 2661 Olympo,-
283 2600 311 2644 et
334 2606 365 2642 ex
390 2606 439 2655 eo,
464 2590 538 2657 quod
559 2590 618 2642 dies
641 2590 740 2641 invitus
765 2592 907 2644 abscessit:
932 2601 960 2644 et
983 2611 1013 2645 ex
1037 2609 1081 2659 eo,

38 2663 115 2733 quod
141 2662 234 2713 nimio
263 2657 392 2711 audiendi
422 2657 557 2710 desiderio
582 2674 677 2727 vesper
708 2668 816 2710 exortus
840 2668 894 2725 est,
925 2661 1080 2714 cantilenae

38 2733 169 2802 voluptas
188 2728 345 2780 ostenditur.
378 2727 440 2795 [Est
456 2726 541 2776 etiam
557 2726 621 2777 solis
637 2726 771 2792 laudatio,
796 2730 872 2780 cuius
888 2728 956 2780 lucie
972 2730 1081 2789 claritas

17 2809 118 2871 „tauta
134 2807 194 2863 est,
210 2804 241 2848 ut
256 2814 290 2849 ea
308 2796 441 2864 Olympus
457 2793 594 2860 laetetur]
629 2795 750 2862 Olympo
756 2817 765 2863 ς
784 2796 802 2849 i.
820 2816 842 2849 e.
862 2797 947 2848 caelo.

108 2933 262 2988 ECLOGA
285 2933 340 2984 Vll.
388 2939 412 2990 1.
435 2930 518 2983 Forte
542 2935 593 2984 suh
619 2946 721 3000 arguta
746 2934 909 2986 consederat
931 2933 996 2985 ilice
1018 2934 1079 2986 Da-

39 3008 146 3077 phnis‚·
167 3004 264 3069 ecloga
281 3002 350 3054 haec
367 3018 438 3071 pene
454 3008 511 3052 tota
525 3002 669 3054 Theocriti
687 3011 737 3052 est:
756 3020 823 3055 nam
842 3015 869 3055 et
886 3003 975 3073 ipsam
993 3012 1080 3056 trans-

37 3077 119 3138 tulit,
148 3080 180 3124 et
203 3072 290 3122 multa
307 3071 343 3122 ad
360 3086 422 3121 eam
441 3069 474 3120 de
491 3068 551 3120 aliis
568 3070 711 3138 congessit
746 3072 852 3139 Arguta
877 3079 970 3124 autem
995 3075 1079 3125 modo

38 3159 163 3206 cartoro,
180 3140 314 3190 stridulo..
337 3137 408 3189 Alibi
426 3151 577 3204 argutum,
595 3139 678 3189 breve
693 3138 840 3204 significat:
860 3148 889 3188 ut
906 3142 952 3206 (G.
969 3149 995 3205 3,
1012 3144 1082 3202 803:

39 3215 233 3280 Argutumque
257 3219 348 3274 caput.
389 3205 538 3270 Daphnis5
570 3207 692 3258 divinum
723 3208 796 3259 hunc
826 3207 947 3273 inducit,
976 3211 1080 3278 quippo

38 3281 127 3334 lilium
144 3277 297 3339 Mercurii,
321 3283 351 3325 ut
368 3273 490 3344 dixiutus
513 3291 602 3344 supra.
636 3274 710 3325 Nam
734 3275 799 3328 hinc
821 3285 875 3340 est,
901 3277 1080 3348 quod·=paulo

39 3358 100 3420 post
119 3341 246 3398 dicturus
264 3351 317 3395 est:
348 3341 437 3408 Caper
454 3344 508 3393 tibi
526 3344 624 3393 salvus
642 3355 667 3392 et
684 3344 776 3394 haedi.
810 3345 895 3414 Quasi
913 3346 1026 3398 divinus.
1046 3375 1081 3385 —

39 3428 64 3474 2.
82 3412 358 3482 compulerantque,
385 3413 560 3479 compellere,
584 3412 696 3480 proprie
713 3412 800 3464 estin
817 3429 905 3463 uuum
928 3415 1022 3466 locum
1039 3415 1082 3467 vel

39 3486 156 3549 diversa,
175 3481 218 3534 vel
233 3481 404 3532 diversorum
422 3480 551 3531 attimalia
570 3495 679 3547 cogere.
713 3480 868 3548 [ciceron
886 3483 984 3534 Pisone
1002 3486 1082 3550 (36.)ι

42 3556 130 3606 Omni
143 3568 244 3619 pecore
258 3549 409 3615 compulso.
422 3573 457 3585 -
490 3553 516 3605 4.
534 3549 677 3600 Florentes
691 3550 842 3615 aetatibus3
860 3548 914 3600 hoc
932 3561 974 3602 est
989 3560 1080 3604 aetate

39 3619 181 3685 florente]
217 3619 338 3680 Arcades
357 3618 455 3681 omlo‚·
473 3632 530 3668 non
546 3634 578 3668 re
596 3634 659 3669 vera
676 3616 809 3687 Arcades:
825 3633 893 3670 nam
910 3620 983 3689 apud
999 3621 1080 3671 Man·

41 3699 118 3743 tuam
134 3705 184 3741 res
200 3687 305 3754 agitur:
328 3686 375 3737 sed
391 3685 431 3736 sic
449 3685 548 3752 periti,
564 3693 595 3735 ut
611 3702 657 3737 eos
674 3685 792 3737 Arcados
809 3694 928 3757 putares.
962 3688 1035 3739 Nam
1053 3693 1081 3739 et

40 3761 121 3830 pardo
144 3763 212 3825 post
237 3753 356 3805 dicturus
380 3762 434 3805 est:
462 3753 524 3804 Soli
548 3765 661 3805 cantare
685 3757 770 3819 periti
786 3757 916 3806 Arcades.
935 3781 969 3794 -
1003 3763 1028 3813 A.
1046 3755 1080 3804 Et

42 3841 157 3879 eantare
177 3821 278 3891 pares,
293 3835 318 3872 et
336 3823 499 3889 respondere
517 3825 627 3887 poroti3
653 3823 707 3876 hoc
725 3829 782 3888 est,
804 3825 852 3894 qui
869 3831 980 3895 possent
995 3825 1080 3876 etiam

40 3898 205 3948 continuum
229 3908 342 3943 carmen
367 3891 477 3954 dicere⁸¹
502 3891 574 3941 Nam
598 3891 652 3942 hoc
677 3898 718 3943 est
740 3900 867 3945 cantare:
891 3901 922 3942 ut
946 3897 994 3959 (5,
1011 3893 1079 3954 20.):

41 3965 206 4015 Extinctum
232 3959 378 4026 Nymphae
402 3959 512 4009 crudeli
528 3959 636 4028 funere
660 3957 808 4026 Daphnin.
857 3961 906 4013 vel
929 3966 978 4027 (5,
1003 3962 1079 4023 56.):

40 4033 190 4088 Candidus
216 4031 360 4082 insuetum
383 4030 505 4081 miratur
527 4029 624 4081 lumen
649 4027 774 4098 Olympi.
830 4029 868 4081 Et
887 4029 1079 4084 Amoebaeum
