2452 4626
249 262 301 362 'n
327 298 963 378 viacsnoaoao.1u‚3ea-422.
1025 338 1029 345 .
1070 280 1165 381 ³⁰'t‘
1189 383 1192 389 ¹

96 492 140 537 tas
166 501 227 538 esse
247 484 330 536 dicit:
355 492 403 537 aut
425 484 518 550 finitus
542 493 583 538 est
602 482 761 553 [numerus]
784 502 844 557 pro.
859 485 975 539 infinito.
999 510 1034 539 ·-.·
1077 486 1142 555 384»,

95 554 231 622 Perfudit
251 568 358 605 nectare
376 567 491 615 uestem;
508 555 525 605 i.
545 572 568 606 e.
585 553 727 620 inignem
744 555 838 606 vinum
856 555 1035 624 purissimum
1053 554 1138 605 fudit:

95 633 159 695 post
177 624 252 689 qnod
270 624 334 691 quia
352 624 439 688 inagis
457 624 573 674 flamma
587 625 732 688 convaluit,
750 623 853 675 bonurn
867 641 951 676 omen
965 623 1091 683 ostendit.
1103 648 1144 687 -,

1162 116 1178 156 ‘x

97 698 160 750 387.
178 691 230 741 Est
249 694 280 742 in
301 691 453 760 Carpathio
473 691 600 760 Neptuni
616 694 729 760 gurgite
748 705 839 756 uates3
864 693 1032 760 Carpathos,
1049 692 1164 747 insulas

98 771 198 812 contra
217 760 319 828 (Gueli.
334 761 430 812 l.cod.
450 761 508 811 Urs.
527 761 618 823 iuxta)
635 765 805 829 Aegyptum,
823 777 839 811 a
856 778 910 830 qua
927 762 1054 823 uicinum¹
1066 761 1140 834 pelu-

98 845 149 898 gus
168 830 353 897 Carpathium
376 830 544 896 appellatum
562 838 609 881 est.
643 831 694 881 Hic
712 831 860 898 aliquando
884 831 1010 899 regnavit
1025 826 1142 882 Proteus¹

97 899 196 950 relicto
209 898 326 959 ,Pallene
342 898 451 950 civitate
469 898 641 962 Thessaliae,
665 899 804 967 adquam
829 907 924 951 tamen
947 915 1072 951 reversus
1097 894 1144 959 est,

99 976 213 1034 postea:
237 969 310 1034 quod
328 967 447 1018 ostendit
463 966 516 1017 hoc
533 967 608 1037 loco,
625 967 732 1032 dicens,
748 967 927 1037 Patriamque
944 967 1038 1021 revisit
1053 964 1140 1039 Palle-

100 1053 162 1089 nen.
180 1067 215 1077 -
251 1042 312 1093 388.
330 1035 471 1104 Magnum
491 1039 541 1102 qui
558 1038 685 1103 piscibus
703 1054 824 1103 aequom
848 1039 912 1105 equi
937 1038 1013 1088 enim
1035 1031 1141 1087 marini

101 1105 194 1239 prima
212 1114 290 1173 parte
308 1105 371 1172 equi
389 1119 465 1169 sunt,
483 1106 629 1174 lpqstrema
645 1105 819 1157 resolvuntur
841 1107 870 1157 in
893 1107 990 1174 pisces.
1008 1136 1041 1147 -
1077 1108 1139 1163 393·
1189 1130 1193 1149 ι

131 1192 181 1225 uee
201 1178 273 1236 siut,
291 1190 362 1238 quae
374 1173 500 1242 fuerint3
519 1181 549 1223 ut
565 1174 701 1224 Homerus
719 1170 969 1241 (1t*'e,70.):“0r
993 1171 1046 1248 ᾔδη
1063 1168 1099 1227 ed
1115 1162 1142 1225 τ’

103 1238 184 1297 idere
202 1238 238 1295 τά
254 1237 278 1294 τ’
296 1238 440 1310 s'ucu'pevu,
468 1237 523 1312 πρό
547 1235 680 1296 driven.
697 1274 730 1284 --
776 1247 837 1303 394.
856 1243 900 1313 lta
918 1243 1067 1311 Neptuno;
1091 1238 1140 1293 ubi

103 1313 179 1366 deest
196 1312 267 1363 ratio
292 1313 393 1379 (Gnell.
410 1312 430 1361 I.
449 1313 495 1363 ubi
514 1312 648 1363 detractio
667 1320 715 1364 est.
742 1310 831 1377 Guelf,
849 1314 881 1363 ll.
902 1315 950 1364 ubi
969 1310 1140 1379 decussio),

104 1381 141 1433 sic
156 1381 288 1448 loquitur.
323 1382 395 1432 Nam
413 1383 451 1432 ita
469 1382 542 1432 etin
560 1382 644 1432 tertio
662 1384 710 1446 (2.)
729 1380 806 1431 dixit:
824 1381 871 1432 Sic
888 1382 989 1448 (Guell.
1004 1384 1035 1434 lI.
1049 1378 1164 1435 omitt·

105 1452 152 1502 sic.
170 1450 263 1500 Guell'.
279 1450 299 1501 l.
316 1449 380 1501 hab.
398 1450 476 1512 dura)
499 1452 590 1499 uisum
617 1452 853 1516 superisequum
877 1454 1064 1519 praemisisset
1087 1453 1140 1511 im·

106 1518 242 1569 meiitam.
257 1550 289 1559 -
325 1524 385 1576 395.
405 1522 536 1568 Armenta
556 1531 581 1568 et
599 1531 691 1586 turpes
708 1518 827 1584 phocen
845 1534 967 1588 magnas.
1001 1522 1037 1572 Ut
1053 1520 1097 1587 (G.
1115 1525 1143 1585 3,

105 1589 168 1648 52.):
188 1587 241 1637 Cui
259 1600 334 1653 turpe
353 1600 441 1652 caput.
476 1588 583 1639 Phocae
600 1598 664 1638 sunt
682 1588 761 1637 boves
779 1590 890 1640 marini.
907 1621 940 1631 -
975 1598 1036 1648 397.
1054 1589 1142 1657 Espe-

106 1660 164 1709 diet
182 1657 275 1709 morbi
293 1674 425 1706 causante
453 1669 620 1722 eventusque
638 1657 782 1714 secundm
805 1657 861 1708 duo
880 1659 954 1737 enipn
979 1661 1029 1710 ista
1048 1659 1142 1726 requi·

105 1734 203 1778 runtur
226 1725 256 1775 in
274 1725 405 1791 oraculis,
431 1741 514 1776 cansa
538 1725 620 1791 mali,
643 1733 672 1776 et
695 1725 858 1777 remedium.
878 1753 912 1764 -
947 1732 1009 1785 398.
1027 1726 1092 1779 Sine
1110 1726 1142 1779 ui

107 1811 163 1846 non
199 1794 260 1853 utta
283 1796 364 1845 dabit
392 1807 556 1861 praecepta,-
586 1813 622 1846 ne
653 1810 719 1846 eum
748 1812 859 1863 sperare
889 1805 983 1863 posset
1011 1796 1141 1866 precibus

105 1862 188 1916 flecti.
205 1887 239 1900 ·-
274 1868 336 1920 400.
353 1863 425 1914 Deli
443 1866 549 1914 circum
568 1863 636 1913 hoec
654 1864 780 1929 demum,·
805 1864 879 1917 circa
902 1865 1007 1917 vincula
1031 1864 1143 1917 suavissi-

108 1949 153 1984 me
171 1932 229 1983 eius
246 1931 372 1985 desinent
388 1932 458 1997 doli,
475 1933 493 1984 i.
512 1952 534 1985 e.
551 1933 708 1983 formarum
726 1933 905 2002 varietafiter:
929 1934 1005 1984 'errius
1023 1933 1142 2002 figmen-

108 2002 128 2053 ti
153 2001 293 2071 physicam
319 2002 413 2053 volunt
437 2018 494 2052 esse
518 2001 671 2053 rationem:
697 2019 765 2052 siam
782 2002 866 2053 horno
884 2003 970 2055 habet
985 2003 1014 2055 in
1033 2021 1062 2055 se
1078 2002 1142 2055 libi·

103 2071 218 2131 dinem,
240 2070 398 2134 stultitiam,
421 2071 611 2135 ferocitatem,
634 2072 743 2123 dolum:
767 2089 837 2139 quae
855 2073 922 2123 dum
940 2073 968 2125 in
986 2089 1019 2123 eo
1038 2072 1141 2141 (Guelf.

105 2140 136 2191 lL
153 2139 183 2190 B.
201 2137 237 2189 R.
253 2138 283 2189 V.
302 2141 333 2188 in
354 2156 427 2202 uno,-
450 2137 541 2190 Guell.
557 2140 578 2191 1.
603 2148 632 2191 et
648 2141 707 2190 cod.
726 2141 784 2191 Urs.
810 2145 940 2195 invicem.
962 2132 1045 2193 Febr.
1063 2142 1141 2192 invi-

109 2225 163 2257 cem
183 2210 215 2257 in
235 2207 304 2270 uno)
323 2208 428 2276 vigent,
447 2208 573 2275 parslilla
591 2209 767 2275 quaesicina
784 2209 926 2275 divinitati,
942 2209 960 2263 i.
977 2224 1000 2260 e.
1020 2209 1143 2277 pruden-

106 2278 142 2328 tia
160 2292 216 2326 non
234 2289 362 2344 apparet:
387 2287 457 2344 qsrae
474 2284 539 2329 trino
557 2286 646 2346 potest
662 2294 723 2329 suas
740 2279 810 2329 vires
826 2287 938 2343 tenere,
954 2296 1018 2330 cum
1036 2280 1147 2331 luerint·

106 2346 149 2396 illa
167 2343 299 2410 religata,
317 2345 335 2398 i.
353 2362 375 2395 e.
395 2362 459 2395 cum
478 2345 538 2412 quis
556 2346 824 2397 carueritomnibus
843 2349 920 2411 vitiis.
954 2346 1033 2398 Unde
1051 2346 1142 2399 sacerss

107 2414 200 2466 dotem
223 2413 298 2465 hune
322 2413 389 2464 dicit
412 2422 477 2465 tunc
501 2414 589 2479 (codd.
606 2414 700 2465 Burni.
719 2415 806 2479 hunc)
831 2432 908 2486 posse
931 2415 1088 2482 vaticinari,
1113 2424 1143 2471 et

106 2484 242 2552 suscipere
259 2481 431 2535 divinitatem
450 2483 519 2548 (Vos.
538 2485 583 2534 dei
600 2485 740 2534 uicinitat.
758 2485 788 2536 Β.
805 2484 838 2536 R.
856 2480 990 2539 Guell.ll.
1010 2487 1142 2555 uicinis),
1178 2491 1180 2498 ’

106 2568 168 2603 cum
192 2550 309 2619 religata
334 2551 364 2602 in
389 2569 422 2604 eo
445 2551 549 2603 fuerint
571 2553 652 2619 ignea
677 2553 826 2623 cupiditas,
849 2554 976 2606 silvestris
998 2556 1141 2623 asperitas,

104 2619 271 2689 lapsus[que]
296 2621 381 2671 animi
407 2636 543 2688 aqssarpm
568 2622 715 2673 mobilitati
739 2621 843 2674 similis.
868 2651 901 2660 -
941 2629 1003 2681 tol.
1076 2626 1148 2675 dios.

106 2705 167 2739 eum
193 2690 238 2740 sol
263 2691 420 2739 accenderit
444 2701 553 2754 aestus,
585 2692 645 2741 fere
670 2693 746 2743 enim
776 2691 892 2744 numina
916 2699 982 2743 tsine
1008 2692 1031 2742 vi
1052 2703 1141 2744 entur.
1176 2694 1178 2698 '

106 2757 233 2811 Lucanus
251 2765 293 2822 (3,
310 2758 397 2820 423.):
419 2758 516 2809 Medio
535 2775 597 2808 cum
619 2758 743 2810 Plioehus
763 2763 794 2810 in
812 2779 863 2811 axe
881 2773 936 2823 est,
961 2762 1015 2811 Aut
1033 2763 1140 2812 coelum

107 2844 161 2878 noe
180 2838 244 2876 atra
264 2839 349 2877 tenet:
368 2840 435 2877 tune
454 2830 513 2892 'ipse
531 2830 571 2892 (V.
585 2830 654 2896 ipsa)
672 2830 803 2880 sacerdos
819 2833 964 2879 Accessum
983 2830 1142 2880 dominum·

107 2912 156 2960 que
178 2895 230 2963 (li.
248 2896 278 2946 V.
296 2898 355 2946 Vos.
380 2895 594 2964 dominamque)
621 2901 698 2949 timet
723 2901 886 2964 deprendere
901 2891 972 2949 'luci
996 2898 1142 2963 (esteltl.

107 2966 177 3016 adde
198 2963 269 3014 Cum
288 2968 391 3015 sitiunt
408 2966 517 3027 herlae,
534 2967 643 3033 qssando
661 2967 817 3027 siccantur.)
835 2996 868 3004 -
903 2972 965 3025 4ts3.
983 2967 1017 3016 ln
1036 2964 1148 3023 secreta

108 3038 182 3085 senis
201 3035 319 3096 ducam,·
342 3036 402 3085 lere
428 3050 523 3084 omnes
548 3035 585 3084 dii
610 3037 711 3086 marini
734 3052 812 3086 series
836 3043 906 3085 sunt
942 3035 1041 3087 Albent
1063 3037 1142 3090 onim

108 3120 203 3156 eortsm
222 3119 254 3152 ca
276 3103 313 3153 ita
330 3103 433 3172 spumis
450 3118 594 3170 aquarum.
614 3128 647 3154 -τ
682 3107 744 3160 407.
762 3105 830 3158 Atra
849 3107 950 3171 tigris;
976 3104 994 3156 i.
1012 3124 1035 3157 e.
1054 3123 1145 3163 saeve.

107 3198 140 3212 -
161 3180 225 3231 412.
271 3185 336 3222 ento
356 3186 419 3222 nete
440 3173 548 3237 tnagis,-
573 3171 620 3222 alii
637 3171 746 3237 legunt,
770 3173 892 3225 'l'antmn
912 3181 976 3225 nate
993 3176 1091 3243 magis.
1108 3203 1144 3216 -

106 3249 166 3302 415.
184 3241 343 3306 Liquidum
362 3243 521 3291 urnbrosiee
539 3240 656 3308 diffudit
674 3242 801 3304 odorem,
820 3240 896 3293 tinxit
914 3259 994 3309 eum,
1011 3260 1065 3311 quo
1083 3260 1145 3315 pos·

107 3323 147 3364 set
171 3327 231 3362 esse
255 3310 362 3363 videndi
390 3309 511 3361 numinis
536 3325 620 3375 capax
644 3314 682 3373 (et
706 3310 810 3361 habere
833 3310 994 3372 licentiam).
1014 3339 1045 3349 -
1081 3319 1143 3371 418.

107 3382 239 3442 Haustus,-
265 3378 433 3446 vegetabilis.
473 3377 575 3441 Specus
600 3380 716 3443 ingens,
742 3378 771 3429 in
794 3379 927 3447 singulari
949 3396 1068 3433 nutriero
1091 3383 1144 3435 iroc

108 3468 220 3518 specus,
247 3448 277 3499 in
295 3448 394 3515 plurali
411 3446 442 3496 tn·
460 3462 558 3510 specus
576 3445 698 3497 dicimus.
717 3447 818 3511 (Guelf.
835 3451 854 3499 1.
880 3452 971 3516 eresi,
995 3452 1090 3513 vacni.)
1109 3477 1144 3499 -s

107 3527 167 3578 421.
194 3517 365 3583 Deprensis;
391 3513 616 3585 periclitantibus.
660 3515 801 3581 [Verbum
823 3519 966 3568 nunu-nin
992 3529 1046 3583 et,
1075 3534 1144 3570 cum

106 3594 271 3658 tempestate
288 3593 465 3655 occsspantur.
512 3582 555 3632 Sic
577 3582 642 3633 alibi
666 3586 710 3648 (sl.
728 3591 759 3646 5,
777 3587 853 3646 φης
880 3587 1044 3654 Argolicove
1068 3586 1144 3639 rnore'

108 3656 281 3727 deprensus]
303 3680 338 3691 -
378 3660 442 3711 422.
468 3649 568 3719 Tegu,
591 3659 696 3720 tegere·
711 3654 870 3707 consuevit..
899 3655 973 3708 Nam
996 3664 1062 3709 tunc
1080 3656 1145 3732 ,ffll‘i

129 3855 184 3904 387)
213 3855 282 3893 Bam.
301 3849 324 3889 in
343 3849 382 3888 fine
403 3849 461 3888 ess·
478 3852 523 3889 Hos
543 3850 589 3895 ideo
607 3849 669 3896 dicit,
689 3850 735 3902 quie
754 3851 850 3897 Proteus,
869 3857 975 3901 antequem
993 3847 1143 3913 istem&
1219 3848 1222 3857 '

190 3909 341 3960 commigraret,
355 3908 455 3947 Thraciae
469 3907 507 3946 fuit
520 3907 598 3953 incola,
617 3909 652 3947 nsi
666 3909 737 3946 hebuit
750 3922 846 3954 uorem,
861 3920 938 3958 exque
953 3906 1003 3945 filios
1019 3908 1143 3957 Telegonum
1218 3912 1221 3917 '

191 3975 213 4006 et
225 3964 362 4017 Polygonum.
382 3964 427 4014 qui,
447 3977 492 4002 eum
507 3965 595 4003 advenas
610 3978 676 4004 secum
691 3966 762 4005 luctari
776 3967 891 4014 adiges-ont,
911 3971 931 4000 et
944 3963 1094 4008 excruciarent,
1112 3962 1142 4003 ed

189 4030 313 4076 postremum
329 4022 353 4059 ab
368 4022 456 4060 Hercule
470 4020 519 4058 viui
533 4027 553 4058 et
567 4020 693 4072 interempti,
713 4020 776 4071 petris
791 4022 878 4059 animum
892 4019 1032 4069 percutentes:
1053 4033 1143 4074 μιμο-

187 4088 235 4134 ptee
249 4078 316 4123 taedio
329 4076 465 4132 praesentium
479 4089 545 4119 rerum
559 4079 624 4119 utam
637 4085 717 4120 vertere
728 4082 823 4128 coaetus,
836 4077 951 4130 demta!
962 4074 1030 4129 pesse
1076 4098 1078 4105 ·

1186 1091 1196 1115 Ι
