2430 4620
142 292 206 360 106
399 285 540 351 seuvu
563 285 918 352 COMMENTARIUS

141 472 247 528 umoris
270 472 432 527 necessitate
455 475 636 544 compulsum.
671 475 715 527 Ne
739 477 833 539 crede,·
858 488 915 526 non
939 471 1055 527 confide.
1096 469 1177 535 Sauri-

141 545 222 596 atius:
248 542 354 594 Virtuti
377 547 450 595 satis
474 546 636 610 credebant,
659 544 676 597 i.
701 563 725 598 e.
749 544 932 597 confidebant
956 571 992 585 -
1042 547 1085 599 18.
1110 544 1176 593 Albo

143 616 267 680 ligustra
287 615 408 676 cadunt,
432 622 461 664 et
477 618 577 665 nutice
595 623 624 666 et
640 614 777 666 amatorie
795 629 828 667 ex
852 613 967 675 floribus
984 606 1054 665 lecit
1069 626 1175 680 compe·

143 684 290 734 retioucm.
331 683 492 751 Ligustmm
518 691 611 735 autem
640 682 693 733 ssos
715 691 756 736 est
777 680 924 746 condidus,
952 682 1000 734 sed
1025 680 1174 730 vilissimus.

143 752 273 805 vaccinia
290 767 353 803 vero
372 758 434 800 sunt
452 750 550 815 violae,
574 766 641 819 quas
659 754 791 822 purpurei
809 750 907 801 coloris
924 766 982 802 esse
999 749 1174 800 manitestnm

142 829 198 884 est,
221 823 274 889 [vel
299 822 413 889 ligustra
436 818 519 872 nores
541 836 708 891 papaverum
733 819 879 884 sunt,·vel
894 817 1050 882 orborum]
1068 842 1102 853 -
1134 827 1175 874 20.

144 888 241 956 Quam
265 893 344 941 dives
368 896 434 945 etc.;
459 889 512 941 trie
536 896 613 952 sont,
637 888 737 956 quibus
762 895 899 939 ansatores
922 893 1036 958 possunt
1053 887 1175 953 placeres
1206 888 1214 955 J,-

141 959 264 1027 Divitiis,
286 956 510 1022 Pulchritudine,
534 957 695 1020 Cantilena,
718 973 790 1024 quise
815 957 909 1008 omnis
932 973 962 1008 se
980 954 1087 1007 habere
1104 970 1174 1004 com·
1206 958 1211 967 “

141 1035 290 1080 memoret.
323 1027 360 1078 Et
383 1026 463 1078 multi
483 1026 633 1078 seeundum
651 1027 819 1090 Homerum,
840 1025 888 1093 qui
912 1024 953 1076 eit
967 1030 1013 1076 eat
1031 1019 1102 1093 γάλα
1116 1021 1175 1076 ler-
1208 1080 1211 1085 ,

135 1092 213 1159 'xir,·
224 1096 319 1162 legunt
336 1097 413 1146 nivei
429 1113 513 1163 quam
532 1097 623 1146 lactis.
659 1094 713 1146 Sed
729 1094 827 1146 melius
845 1102 898 1145 est:
922 1092 1015 1160 Quam
1036 1096 1115 1144 dices
1129 1110 1172 1159 pe·
1204 1096 1210 1104 “

143 1168 219 1218 coris
238 1166 322 1215 nivei.
357 1164 428 1214 Nam
455 1165 589 1217 candidae
613 1179 674 1215 oves
697 1164 727 1215 in
749 1163 855 1231 ingenti
879 1170 943 1213 sunt
966 1163 1066 1233 pretio.
1100 1161 1173 1214 Unde
1208 1224 1210 1229 ,

141 1235 171 1287 iu
190 1232 335 1298 Georgicis
356 1232 474 1301 legimus
498 1239 541 1301 (3,
559 1234 644 1291 386.);
671 1230 867 1297 Continuoque
891 1248 989 1300 greges
1014 1232 1096 1283 o'illis
1120 1231 1174 1298 iege
1206 1286 1208 1291 ,

143 1303 278 1363 mollibus
296 1301 384 1352 allos.
418 1303 488 1353 ltem
505 1302 570 1353 alibi
588 1301 638 1370 (G.
656 1309 689 1364 3,
707 1301 791 1358 391.):
816 1299 934 1351 Munere
958 1304 1001 1351 sic
1029 1304 1112 1352 niueo
1134 1302 1172 1351 ie·
1204 1304 1212 1363 j

144 1390 212 1434 nnc,
237 1372 264 1420 si
282 1371 391 1420 credere
408 1371 527 1438 dignum
544 1385 592 1422 est.
610 1396 644 1408 -
679 1379 722 1427 21.
741 1369 822 1421 Mille
849 1387 924 1420 meae
948 1369 1058 1421 Siculis
1083 1383 1172 1419 erratu
1204 1376 1210 1384 '

144 1445 175 1492 in
201 1439 342 1490 enantibus
367 1457 475 1506 agnec5
498 1440 678 1504 Theocritus,
703 1433 760 1491 ἀλλ’
783 1429 861 1491 cinos
883 1434 1005 1491 comico}
1031 1435 1086 1497 ieie
1106 1435 1170 1507 βὸτι
1202 1492 1205 1499 ,

142 1508 214 1574 χίλια
231 1504 329 1577 βόσκω.
364 1508 470 1560 Errant
486 1518 593 1573 erstem,
611 1524 675 1560 cum
693 1509 840 1561 securitate
857 1517 1015 1578 pascuntur.
1051 1511 1089 1560 Et
1104 1508 1171 1576 quod
1201 1504 1210 1569 f

143 1582 183 1632 ait
201 1595 300 1646 agnas,
318 1583 346 1629 et
362 1594 380 1628 a
395 1594 460 1631 sexu
477 1587 505 1631 et
521 1578 556 1630 eb
574 1585 664 1630 aetate
681 1576 815 1629 laudavit:
830 1578 908 1644 [nam
926 1594 958 1629 ex
973 1576 1099 1629 femineo
1114 1590 1173 1629 sexu
1200 1584 1212 1647 ζ

142 1649 172 1700 in
209 1647 334 1699 ecoribus
351 1646 486 1716 copiosior
503 1648 635 1714 possessio
652 1644 798 1712 provenit]
813 1673 848 1682 —
883 1653 927 1703 23.
944 1644 1004 1695 Lac
1023 1645 1097 1696 milei
1112 1653 1173 1708 etc3
1205 1657 1207 1663 ’

142 1667 231 1768 muiio
249 1716 347 1766 melius
364 1731 447 1783 qriam
466 1716 644 1775 Theocritus,
662 1714 707 1765 ille
725 1715 800 1764 enim
817 1714 871 1767 aits
888 1710 982 1782 'Tueris
1000 1709 1026 1767 δ’
1042 1710 1077 1767 ori
1092 1711 1172 1767 Atra
1203 1726 1207 1779 j

143 1782 172 1856 μ’
183 1780 240 1838 oir'
252 1784 281 1837 ἐν
292 1785 379 1851 θέρει,
393 1778 449 1836 οὔτ’
463 1781 493 1836 e'v
506 1780 610 1854 ὀπώρῃ,
625 1777 662 1843 orig
671 1779 800 1852 χειμῶνος
811 1779 893 1850 ἄκρῳ.
912 1784 965 1836 Sed
980 1784 1070 1852 [qma]
1083 1800 1172 1837 caetu

142 1855 245 1909 servari
263 1861 360 1922 potest,
377 1853 424 1917 (et)
441 1869 496 1905 non
514 1855 618 1904 mirum
637 1861 685 1918 est,
703 1854 725 1904 si
742 1854 835 1924 quovis
851 1864 979 1923 tempore
996 1854 1059 1921 quis
1075 1853 1173 1907 hebent
1206 1862 1210 1871 “

143 1940 262 1977 caseum.
297 1923 356 1974 Hoc
373 1937 440 1973 vero
454 1922 591 1975 laudabile
609 1929 664 1984 est,
686 1922 710 1973 si
727 1923 787 1990 quis
804 1922 906 1974 habeat
923 1923 965 1973 lac
983 1936 1103 1988 novum,
1117 1923 1136 1973 i.
1151 1940 1172 1975 e
1185 1922 1205 1989 j

145 1995 313 2054 colostrum,
335 1990 409 2058 quod
426 1993 519 2044 neutri
536 1989 645 2060 generis
663 1998 716 2042 est:
741 2007 808 2042 nem
832 1991 960 2043 feminini
985 2007 1045 2043 esse
1069 1992 1172 2061 penitus
1195 1990 1204 2009 '⁵

143 2079 199 2116 non
225 2066 322 2133 potest.
356 2057 427 2111 Sane
449 2061 523 2112 hunc
547 2075 655 2110 versum
680 2059 753 2111 mate
777 2059 946 2125 distinguens
963 2058 1173 2127 Virgiliomestix
1205 2053 1209 2081 ⁷

142 2133 292 2200 vituperat:
314 2127 373 2177 Lac
392 2127 463 2180 mihi
482 2147 538 2181 non
557 2139 660 2179 aestate
678 2145 798 2192 novum,
823 2147 880 2180 non
903 2129 1031 2196 frigores
1057 2129 1137 2198 defit,
1156 2128 1173 2178 i.
1196 2137 1215 2147 ‘

144 2219 183 2265 e.,
205 2214 316 2316 semper
340 2196 410 2248 mihi
434 2198 517 2251 deest.
543 2224 576 2234 ·-
617 2201 661 2253 24.
686 2197 827 2265 Amphion
850 2197 993 2248 Dircaeus
1018 2199 1051 2247 in
1075 2202 1169 2248 Actaeo
1193 2200 1204 2271 ἲ

143 2270 266 2336 Aracynt
287 2285 319 2330 o,·
337 2265 474 2334 Amphion
492 2275 520 2319 et
533 2266 613 2317 Zetus
630 2266 731 2318 iratres
747 2267 861 2317 fuerunt
877 2283 908 2318 ex
920 2267 984 2318 love
1002 2273 1032 2317 et
1047 2267 1171 2337 Antiopa:
1194 2278 1199 2329 j

143 2337 192 2388 sed
217 2332 303 2389 Zetus
320 2335 437 2393 rusticus
461 2336 527 2388 fuit:
559 2333 697 2402 Amphion
728 2351 792 2389 vero
822 2335 942 2385 musicae
971 2334 1041 2386 artis
1065 2336 1171 2403 peritus
1194 2330 1208 2359 ‘·

143 2406 214 2456 Sane
240 2403 408 2471 Aracynthus
432 2421 518 2455 mone
536 2411 577 2457 est
593 2404 749 2455 Thebanus.
784 2404 862 2455 Unde
885 2417 979 2454 oetaeo
1004 2403 1108 2457 literali
1130 2403 1171 2455 de·
1196 2416 1199 2423 ”

144 2474 242 2525 bemus
267 2473 407 2542 occipere,
433 2483 463 2524 ut
485 2475 531 2536 (A
555 2476 586 2536 5,
608 2473 702 2533 613«);
730 2476 765 2522 At
790 2475 888 2537 procul
913 2476 943 2523 in
969 2473 1032 2523 sola
1057 2484 1170 2524 secretae

145 2542 270 2594 Troades
288 2553 366 2605 octa,
388 2557 443 2592 uon
461 2541 633 2593 Atheniensi:
657 2542 721 2594 licet
737 2542 860 2593 Athenae
884 2543 976 2611 primo
994 2536 1070 2596 dnus
1088 2542 1170 2594 dictae
1187 2532 1202 2589 .'

143 2613 205 2663 sint
240 2611 406 2678 Quanquam
426 2610 551 2681 plerique
575 2611 673 2662 Actaeo
698 2609 872 2678 Aracyntho,
895 2611 1054 2663 Atheniensi
1077 2611 1172 2681 accipi·
1196 2624 1213 2642 ‘-

145 2689 205 2733 ant.
231 2695 286 2731 non
311 2675 384 2747 quod
402 2679 571 2746 Aracynthus
595 2698 610 2733 a
633 2682 667 2732 ud
684 2680 802 2732 Athenas
820 2686 874 2743 est,
898 2680 946 2730 sed
970 2687 1001 2729 ut
1017 2679 1171 2732 ostendetur
1195 2672 1207 2707 i

131 2746 239 2804 'rustici
262 2747 410 2816 imperitia.
444 2748 517 2799 Nem
542 2751 592 2814 (et)
662 2749 782 2801 eocritus
806 2748 840 2799 ad
863 2748 1072 2816 exprimendam
1096 2747 1171 2799 riuti

144 2836 205 2869 cam
229 2817 446 2885 simplicitatem,
471 2817 556 2868 multa
582 2818 678 2883 aliter,
702 2833 786 2886 quam
810 2833 854 2868 res
879 2816 977 2881 habet,
1001 2817 1077 2869 dicit
1117 2818 1171 2869 Hac
1194 2812 1203 2845 ³

143 2887 252 2939 ratione
270 2893 360 2953 potest
383 2892 411 2937 et
428 2884 523 2951 Oaxis,
547 2888 646 2939 Cretae
670 2887 784 2950 fluvius,
808 2885 911 2952 accipi:
934 2902 999 2936 cum
1022 2885 1075 2954 [et]
1097 2900 1172 2938 mont
1200 2910 1203 2915 ·

142 2957 193 3020 sit,
211 2962 240 3005 ut
256 2954 387 3017 diximus,
404 2953 536 3020 Scythiae.
553 2983 587 2992 -
621 2960 664 3013 25.
683 2953 743 3006 Nec
761 2972 823 3005 sum
843 2957 910 3004 adeo
931 2953 1082 3023 informis,
1102 2971 1172 3008 vere·
1192 2960 1210 3023 j*

145 3023 233 3075 eunde
250 3039 328 3073 suem
346 3032 550 3075 commemorat
567 3024 809 3092 pulchritudinem.
843 3023 886 3075 Sic
905 3024 1003 3074 Cicero
1022 3024 1052 3075 in
1071 3024 1173 3076 Caelis·
1200 3028 1206 3053 ·’

142 3111 192 3144 nn:
212 3090 247 3140 Ut
264 3109 325 3141 eum
344 3094 482 3156 poeniteat
500 3094 557 3145 ndn
576 3093 726 3160 deformem
745 3111 803 3143 esse
822 3105 927 3144 netum.
962 3091 1035 3143 Nam
1051 3093 1174 3162 pulcher·
1197 3093 1207 3128 ²¹·

143 3161 248 3213 rimum
266 3160 350 3209 voluit
367 3161 466 3212 dicere.
502 3161 536 3210 in
555 3162 636 3213 litore
653 3163 730 3225 vidi,
755 3161 825 3212 Cum
843 3163 987 3228 placidum
1006 3173 1095 3211 steret
1112 3179 1172 3212 ven·

143 3233 180 3280 tis
208 3247 300 3293 ηιατυς
331 3237 448 3295 negetur
480 3230 533 3281 hoc
562 3248 611 3300 per
642 3247 739 3282 rerum
763 3239 891 3282 naturam
917 3246 995 3299 posse
1022 3230 1100 3281 fieri:
1131 3229 1172 3282 sei
1197 3252 1211 3269 ··

141 3298 324 3349 Theocritum
341 3306 447 3349 secutus
466 3307 520 3359 est,
538 3298 583 3366 qui
603 3299 655 3350 hoc
674 3299 740 3351 dicit
757 3297 790 3350 de
804 3300 936 3369 Cyclope:
953 3293 973 3364 ἢ
989 3295 1041 3368 γάρ
1059 3295 1135 3368 necin
1151 3296 1174 3351 it
1195 3304 1202 3329 ⁴

140 3362 242 3420 πόντον
259 3363 414 3434 initietur,
439 3355 472 3432 ἤν
490 3363 519 3420 di·
537 3363 648 3437 yeloiea.
684 3366 738 3420 Sed
754 3367 809 3420 illic
827 3377 868 3418 est
885 3370 1034 3433 excusatio,
1052 3369 1095 3423 tel
1113 3368 1173 3441 quis
1196 3374 1202 3399 ³

139 3437 283 3502 ingentem
314 3436 399 3488 habet
429 3438 540 3487 oculum
564 3439 693 3509 Cyclops:
723 3437 765 3489 vel
793 3436 857 3505 quia
885 3438 956 3488 tilius
980 3437 1106 3504 Neptuni
1130 3445 1172 3490 est
1193 3434 1202 3472 ἶ

140 3505 235 3570 Unde,
263 3505 330 3572 quia
353 3505 391 3554 ait
415 3508 447 3555 in
473 3508 568 3568 litore,
600 3507 693 3557 volunt
718 3507 832 3574 quidam
856 3505 885 3556 in
909 3523 981 3571 aque
1005 3524 1021 3558 a
1046 3506 1173 3559 fluctibus

142 3572 296 3637 derelicta,
325 3574 343 3624 i.
370 3591 416 3637 e.,
446 3575 475 3624 in
507 3575 603 3625 lacuna
636 3574 725 3625 literis
762 3591 790 3626 se
821 3591 882 3627 eum
917 3573 1009 3626 videre
1048 3575 1173 3644 potuisse.
1208 3614 1211 3620 .

142 3643 232 3708 Qunam
256 3659 318 3706 rem
341 3641 406 3692 illud
433 3643 564 3694 excludit:
595 3641 664 3692 Cum
690 3644 833 3709 placidum
861 3646 951 3693 ventis
979 3655 1066 3693 staret
1093 3660 1172 3694 more.
1194 3664 1199 3676 ·

68 3739 72 3745 ·
143 3712 197 3764 Sed
222 3710 286 3762 ideo
315 3710 344 3762 in
368 3711 440 3763 mari
468 3711 563 3777 imago
586 3728 642 3763 non
667 3715 804 3767 cernitur:
834 3713 898 3778 quia
928 3729 984 3762 non
1007 3720 1072 3762 stet:
1105 3710 1174 3782 qrrod

142 3780 163 3831 si
187 3787 253 3845 stet,
282 3794 340 3830 non
370 3788 459 3845 potest
485 3781 569 3831 etiem
599 3781 678 3832 nobis
711 3783 803 3845 (Voss.
827 3781 902 3842 non)
933 3781 1085 3847 imaginem
1117 3779 1173 3832 red·

142 3849 216 3900 dere.
268 3847 323 3915 [Ni
348 3848 499 3913 intelliges,
530 3852 561 3898 in
586 3850 682 3913 litore,
712 3850 785 3900 intra
807 3859 934 3920 portum:
958 3858 988 3898 ut
1010 3850 1069 3918 ipse
1096 3853 1172 3916 (Aen.

143 3925 177 3978 3,
201 3914 277 3978 570.)
308 3916 342 3967 (le
371 3926 452 3986 portu
483 3918 650 3984 Cyclopum:
689 3916 789 3968 Portus
820 3920 854 3967 ab
886 3936 999 3968 accessu
1030 3933 1173 3970 ventorum

143 3981 301 4048 immotus]
329 4011 364 4020 -
415 3991 457 4041 26.
491 3985 557 4037 Non
588 4004 637 4053 ego
670 3985 811 4052 Daphnin
843 3988 937 4037 Indice
958 3999 999 4039 ⁴te
1039 4003 1173 4050 mesuam3

95 4064 105 4081 ¹
141 4055 266 4122 Daphnis
282 4052 335 4106 tuit
351 4052 421 4104 lilius
438 4053 587 4123 Mercurii,
610 4056 824 4108 formosissimus
841 4072 927 4123 puer,
951 4055 998 4124 qui
1016 4058 1123 4126 primus
1140 4055 1176 4112 di·
