<?xml version="1.0" encoding="UTF-8"?>
<!DOCTYPE html PUBLIC "-//W3C//DTD XHTML 1.0 Transitional//EN"
    "http://www.w3.org/TR/xhtml1/DTD/xhtml1-transitional.dtd">
<html xmlns="http://www.w3.org/1999/xhtml" xml:lang="en" lang="en">
 <head>
  <title>
</title>
<meta http-equiv="Content-Type" content="text/html;charset=utf-8" />
  <meta name='ocr-system' content='tesseract 3.04.00' />
  <meta name='ocr-capabilities' content='ocr_page ocr_carea ocr_par ocr_line ocrx_word'/>
</head>
<body>
  <div class='ocr_page' id='page_1' title='image "./commentariiinvi00honogoog_0168.png"; bbox 0 0 2430 4620; ppageno 0'>
   <div class='ocr_carea' id='block_1_1' title="bbox 425 126 432 151">
    <p class='ocr_par' dir='ltr' id='par_1_1' title="bbox 425 126 432 151">
     <span class='ocr_line' id='line_1_1' title="bbox 425 126 432 151; baseline 0 0"><span class='ocrx_word' id='word_1_1' title='bbox 425 126 432 151; x_wconf 84' lang='lat' dir='ltr'><strong>l</strong></span> 
     </span>
    </p>
   </div>
   <div class='ocr_carea' id='block_1_2' title="bbox 218 246 1069 370">
    <p class='ocr_par' dir='ltr' id='par_1_2' title="bbox 218 246 1069 370">
     <span class='ocr_line' id='line_1_2' title="bbox 218 246 1069 370; baseline 0.016 -15"><span class='ocrx_word' id='word_1_2' title='bbox 218 306 256 355; x_wconf 74' lang='lat' dir='ltr'><strong>u</strong></span> <span class='ocrx_word' id='word_1_3' title='bbox 277 246 613 364; x_wconf 73' lang='lat' dir='ltr'><strong>rucunucot.</strong></span> <span class='ocrx_word' id='word_1_4' title='bbox 635 294 700 370; x_wconf 84' lang='lat' dir='ltr'><strong>rx,</strong></span> <span class='ocrx_word' id='word_1_5' title='bbox 722 300 877 366; x_wconf 84' lang='lat' dir='ltr'><strong>47-o0.</strong></span> <span class='ocrx_word' id='word_1_6' title='bbox 1006 304 1069 369; x_wconf 85' lang='lat'><strong>161</strong></span> 
     </span>
    </p>
   </div>
   <div class='ocr_carea' id='block_1_3' title="bbox 99 477 1119 1579">
    <p class='ocr_par' dir='ltr' id='par_1_3' title="bbox 99 477 1119 1579">
     <span class='ocr_line' id='line_1_3' title="bbox 99 477 1069 548; baseline 0.009 -21"><span class='ocrx_word' id='word_1_7' title='bbox 99 482 159 545; x_wconf 80' lang='lat' dir='ltr'><strong>uri,</strong></span> <span class='ocrx_word' id='word_1_8' title='bbox 187 480 259 546; x_wconf 83' lang='lat' dir='ltr'><strong>quid</strong></span> <span class='ocrx_word' id='word_1_9' title='bbox 283 480 432 547; x_wconf 78' lang='lat' dir='ltr'><strong>antiquos3</strong></span> <span class='ocrx_word' id='word_1_10' title='bbox 455 481 517 548; x_wconf 89' lang='lat' dir='ltr'><strong>[pro</strong></span> <span class='ocrx_word' id='word_1_11' title='bbox 542 477 746 547; x_wconf 74' lang='lat' dir='ltr'><strong>antiquorum]</strong></span> <span class='ocrx_word' id='word_1_12' title='bbox 768 507 813 520; x_wconf 86' lang='lat'><strong>—-</strong></span> <span class='ocrx_word' id='word_1_13' title='bbox 841 486 887 538; x_wconf 77' lang='lat'><strong>47.</strong></span> <span class='ocrx_word' id='word_1_14' title='bbox 909 482 978 534; x_wconf 79' lang='lat' dir='ltr'><strong>Eece</strong></span> <span class='ocrx_word' id='word_1_15' title='bbox 997 482 1069 538; x_wconf 86' lang='lat' dir='ltr'><strong>Dio·</strong></span> 
     </span>
     <span class='ocr_line' id='line_1_4' title="bbox 117 548 1067 623; baseline 0.006 -24"><span class='ocrx_word' id='word_1_16' title='bbox 117 551 265 614; x_wconf 77' lang='lat' dir='ltr'><em>processit</em></span> <span class='ocrx_word' id='word_1_17' title='bbox 290 548 424 600; x_wconf 79' lang='lat' dir='ltr'><strong>Cnesoris</strong></span> <span class='ocrx_word' id='word_1_18' title='bbox 455 561 578 612; x_wconf 82' lang='lat' dir='ltr'><strong>astrum3</strong></span> <span class='ocrx_word' id='word_1_19' title='bbox 609 565 673 600; x_wconf 88' lang='lat' dir='ltr'><strong>cum</strong></span> <span class='ocrx_word' id='word_1_20' title='bbox 697 551 833 616; x_wconf 89' lang='lat' dir='ltr'><strong>Augustus</strong></span> <span class='ocrx_word' id='word_1_21' title='bbox 856 550 958 603; x_wconf 69' lang='lat' dir='ltr'><strong>Caesar</strong></span> <span class='ocrx_word' id='word_1_22' title='bbox 988 552 1067 623; x_wconf 72' lang='lat' dir='ltr'><strong>ludos</strong></span> 
     </span>
     <span class='ocr_line' id='line_1_5' title="bbox 99 616 1066 686; baseline 0.007 -19"><span class='ocrx_word' id='word_1_23' title='bbox 99 635 155 668; x_wconf 63' lang='lat' dir='ltr'><strong>tres</strong></span> <span class='ocrx_word' id='word_1_24' title='bbox 183 617 260 684; x_wconf 83' lang='lat' dir='ltr'><strong>patri</strong></span> <span class='ocrx_word' id='word_1_25' title='bbox 285 617 454 682; x_wconf 72' lang='lat' dir='ltr'><strong>celebraret,</strong></span> <span class='ocrx_word' id='word_1_26' title='bbox 478 619 522 670; x_wconf 90' lang='lat' dir='ltr'><strong>die</strong></span> <span class='ocrx_word' id='word_1_27' title='bbox 544 619 638 670; x_wconf 93' lang='lat' dir='ltr'><strong>medio</strong></span> <span class='ocrx_word' id='word_1_28' title='bbox 662 616 740 670; x_wconf 86' lang='lat' dir='ltr'><strong>stella</strong></span> <span class='ocrx_word' id='word_1_29' title='bbox 766 618 908 686; x_wconf 84' lang='lat' dir='ltr'><strong>apparuit:</strong></span> <span class='ocrx_word' id='word_1_30' title='bbox 931 620 978 672; x_wconf 88' lang='lat' dir='ltr'><strong>ille</strong></span> <span class='ocrx_word' id='word_1_31' title='bbox 1001 638 1066 674; x_wconf 85' lang='lat' dir='ltr'><strong>eam</strong></span> 
     </span>
     <span class='ocr_line' id='line_1_6' title="bbox 101 682 1067 756; baseline 0.01 -22"><span class='ocrx_word' id='word_1_32' title='bbox 101 685 288 739; x_wconf 78' lang='lat' dir='ltr'><strong>confirmavit</strong></span> <span class='ocrx_word' id='word_1_33' title='bbox 309 682 431 756; x_wconf 86' lang='lat' dir='ltr'><strong>parentis</strong></span> <span class='ocrx_word' id='word_1_34' title='bbox 447 685 519 755; x_wconf 76' lang='lat' dir='ltr'><strong>[suil.</strong></span> <span class='ocrx_word' id='word_1_35' title='bbox 554 688 631 738; x_wconf 87' lang='lat' dir='ltr'><strong>Unde</strong></span> <span class='ocrx_word' id='word_1_36' title='bbox 654 694 718 738; x_wconf 89' lang='lat' dir='ltr'><strong>suut</strong></span> <span class='ocrx_word' id='word_1_37' title='bbox 733 701 826 738; x_wconf 87' lang='lat' dir='ltr'><strong>versus</strong></span> <span class='ocrx_word' id='word_1_38' title='bbox 849 687 895 739; x_wconf 86' lang='lat' dir='ltr'><strong>isti</strong></span> <span class='ocrx_word' id='word_1_39' title='bbox 912 691 1067 756; x_wconf 79' lang='lat' dir='ltr'><strong>compositi.</strong></span> 
     </span>
     <span class='ocr_line' id='line_1_7' title="bbox 99 755 1067 826; baseline 0.007 -21"><span class='ocrx_word' id='word_1_40' title='bbox 99 758 150 806; x_wconf 79' lang='lat' dir='ltr'><strong>oei</strong></span> <span class='ocrx_word' id='word_1_41' title='bbox 168 763 270 807; x_wconf 80' lang='lat' dir='ltr'><strong>autem</strong></span> <span class='ocrx_word' id='word_1_42' title='bbox 286 755 368 823; x_wconf 83' lang='lat' dir='ltr'><strong>longe</strong></span> <span class='ocrx_word' id='word_1_43' title='bbox 386 757 537 825; x_wconf 79' lang='lat' dir='ltr'><strong>repetitum</strong></span> <span class='ocrx_word' id='word_1_44' title='bbox 555 764 597 806; x_wconf 86' lang='lat' dir='ltr'><strong>est</strong></span> <span class='ocrx_word' id='word_1_45' title='bbox 612 755 774 826; x_wconf 71' lang='lat' dir='ltr'><strong>(epitheton)</strong></span> <span class='ocrx_word' id='word_1_46' title='bbox 799 773 816 807; x_wconf 85' lang='lat' dir='ltr'><strong>a</strong></span> <span class='ocrx_word' id='word_1_47' title='bbox 842 764 934 811; x_wconf 85' lang='lat' dir='ltr'><strong>matre</strong></span> <span class='ocrx_word' id='word_1_48' title='bbox 952 760 1067 812; x_wconf 78' lang='lat' dir='ltr'><strong>Veneris</strong></span> 
     </span>
     <span class='ocr_line' id='line_1_8' title="bbox 99 824 1066 881; baseline 0.006 -6"><span class='ocrx_word' id='word_1_49' title='bbox 99 846 113 876; x_wconf 75' lang='grc' dir='ltr'><strong>ε.</strong></span> <span class='ocrx_word' id='word_1_50' title='bbox 157 824 235 876; x_wconf 82' lang='lat' dir='ltr'><strong>Sane</strong></span> <span class='ocrx_word' id='word_1_51' title='bbox 260 837 367 875; x_wconf 83' lang='lat' dir='ltr'><strong>nstrum</strong></span> <span class='ocrx_word' id='word_1_52' title='bbox 386 824 494 876; x_wconf 82' lang='lat' dir='ltr'><strong>Graece</strong></span> <span class='ocrx_word' id='word_1_53' title='bbox 517 825 596 876; x_wconf 85' lang='lat' dir='ltr'><strong>dixit:</strong></span> <span class='ocrx_word' id='word_1_54' title='bbox 619 840 685 876; x_wconf 88' lang='lat' dir='ltr'><strong>nam</strong></span> <span class='ocrx_word' id='word_1_55' title='bbox 710 824 819 875; x_wconf 79' lang='lat' dir='ltr'><strong>stellam</strong></span> <span class='ocrx_word' id='word_1_56' title='bbox 844 825 1066 881; x_wconf 82' lang='lat' dir='ltr'><strong>debuit&#39;dicere.</strong></span> 
     </span>
     <span class='ocr_line' id='line_1_9' title="bbox 99 892 1102 964; baseline 0.009 -24"><span class='ocrx_word' id='word_1_57' title='bbox 99 895 149 943; x_wconf 81' lang='lat' dir='ltr'><strong>ius</strong></span> <span class='ocrx_word' id='word_1_58' title='bbox 168 893 272 946; x_wconf 86' lang='lat' dir='ltr'><strong>Macer</strong></span> <span class='ocrx_word' id='word_1_59' title='bbox 289 894 363 944; x_wconf 84' lang='lat' dir='ltr'><strong>circa</strong></span> <span class='ocrx_word' id='word_1_60' title='bbox 386 893 487 945; x_wconf 88' lang='lat' dir='ltr'><strong>horam</strong></span> <span class='ocrx_word' id='word_1_61' title='bbox 504 901 630 945; x_wconf 86' lang='lat' dir='ltr'><strong>octavam</strong></span> <span class='ocrx_word' id='word_1_62' title='bbox 647 892 754 944; x_wconf 82' lang='lat' dir='ltr'><strong>stellam</strong></span> <span class='ocrx_word' id='word_1_63' title='bbox 771 893 970 964; x_wconf 77' lang='lat' dir='ltr'><strong>amplissimam</strong></span> <span class='ocrx_word' id='word_1_64' title='bbox 987 895 1067 964; x_wconf 79' lang='lat' dir='ltr'><strong>quasi</strong></span> <span class='ocrx_word' id='word_1_65' title='bbox 1098 920 1102 931; x_wconf 82' lang='lat'><strong>·</strong></span> 
     </span>
     <span class='ocr_line' id='line_1_10' title="bbox 99 962 1065 1030; baseline 0.003 -17"><span class='ocrx_word' id='word_1_66' title='bbox 99 962 223 1030; x_wconf 80' lang='lat' dir='ltr'><strong>uisentis</strong></span> <span class='ocrx_word' id='word_1_67' title='bbox 241 971 403 1014; x_wconf 81' lang='lat' dir='ltr'><strong>coronatam</strong></span> <span class='ocrx_word' id='word_1_68' title='bbox 421 971 511 1012; x_wconf 87' lang='lat' dir='ltr'><strong>ortam</strong></span> <span class='ocrx_word' id='word_1_69' title='bbox 529 962 611 1026; x_wconf 88' lang='lat' dir='ltr'><strong>dicit,</strong></span> <span class='ocrx_word' id='word_1_70' title='bbox 634 977 719 1029; x_wconf 85' lang='lat' dir='ltr'><strong>quam</strong></span> <span class='ocrx_word' id='word_1_71' title='bbox 737 962 850 1029; x_wconf 87' lang='lat' dir='ltr'><strong>quidam</strong></span> <span class='ocrx_word' id='word_1_72' title='bbox 869 963 903 1015; x_wconf 86' lang='lat' dir='ltr'><strong>ad</strong></span> <span class='ocrx_word' id='word_1_73' title='bbox 927 963 1065 1017; x_wconf 80' lang='lat' dir='ltr'><strong>illustran-</strong></span> 
     </span>
     <span class='ocr_line' id='line_1_11' title="bbox 99 1029 1066 1101; baseline 0.003 -19"><span class='ocrx_word' id='word_1_74' title='bbox 99 1031 228 1099; x_wconf 74' lang='lat' dir='ltr'><strong>gloriam</strong></span> <span class='ocrx_word' id='word_1_75' title='bbox 247 1031 372 1084; x_wconf 74' lang='lat' dir='ltr'><strong>Caesaris</strong></span> <span class='ocrx_word' id='word_1_76' title='bbox 394 1031 502 1097; x_wconf 81' lang='lat' dir='ltr'><strong>idveuis¹</strong></span> <span class='ocrx_word' id='word_1_77' title='bbox 522 1030 663 1098; x_wconf 83' lang='lat' dir='ltr'><strong>pertinere</strong></span> <span class='ocrx_word' id='word_1_78' title='bbox 687 1029 888 1083; x_wconf 74' lang='lat' dir='ltr'><strong>existimabant.</strong></span> <span class='ocrx_word' id='word_1_79' title='bbox 929 1033 989 1101; x_wconf 88' lang='lat' dir='ltr'><strong>lpse</strong></span> <span class='ocrx_word' id='word_1_80' title='bbox 1006 1032 1066 1089; x_wconf 86' lang='lat' dir='ltr'><strong>ani-</strong></span> 
     </span>
     <span class='ocr_line' id='line_1_12' title="bbox 116 1098 1066 1172; baseline 0.003 -21"><span class='ocrx_word' id='word_1_81' title='bbox 116 1100 216 1169; x_wconf 85' lang='lat' dir='ltr'><strong>patris</strong></span> <span class='ocrx_word' id='word_1_82' title='bbox 239 1100 281 1151; x_wconf 88' lang='lat' dir='ltr'><strong>sui</strong></span> <span class='ocrx_word' id='word_1_83' title='bbox 306 1117 364 1152; x_wconf 85' lang='lat' dir='ltr'><strong>esse</strong></span> <span class='ocrx_word' id='word_1_84' title='bbox 389 1099 492 1164; x_wconf 64' lang='lat' dir='ltr'><strong>uoluit,x</strong></span> <span class='ocrx_word' id='word_1_85' title='bbox 510 1102 590 1167; x_wconf 91' lang='lat' dir='ltr'><strong>eique</strong></span> <span class='ocrx_word' id='word_1_86' title='bbox 613 1099 642 1150; x_wconf 90' lang='lat' dir='ltr'><strong>in</strong></span> <span class='ocrx_word' id='word_1_87' title='bbox 666 1098 801 1169; x_wconf 84' lang='lat' dir='ltr'><strong>Capitolio</strong></span> <span class='ocrx_word' id='word_1_88' title='bbox 824 1107 959 1167; x_wconf 80' lang='lat' dir='ltr'><strong>statuam,</strong></span> <span class='ocrx_word' id='word_1_89' title='bbox 982 1118 1066 1172; x_wconf 81' lang='lat' dir='ltr'><strong>supet·</strong></span> 
     </span>
     <span class='ocr_line' id='line_1_13' title="bbox 111 1167 1119 1239; baseline 0.003 -19"><span class='ocrx_word' id='word_1_90' title='bbox 111 1185 241 1239; x_wconf 80' lang='lat' dir='ltr'><strong>auream</strong></span> <span class='ocrx_word' id='word_1_91' title='bbox 258 1170 365 1221; x_wconf 88' lang='lat' dir='ltr'><strong>stellam</strong></span> <span class='ocrx_word' id='word_1_92' title='bbox 382 1168 539 1232; x_wconf 75' lang='lat' dir='ltr'><strong>habentem,</strong></span> <span class='ocrx_word' id='word_1_93' title='bbox 556 1167 656 1238; x_wconf 87' lang='lat' dir='ltr'><strong>posuit</strong></span> <span class='ocrx_word' id='word_1_94' title='bbox 688 1167 856 1236; x_wconf 85' lang='lat' dir='ltr'><strong>Inscriptum</strong></span> <span class='ocrx_word' id='word_1_95' title='bbox 873 1168 903 1219; x_wconf 89' lang='lat' dir='ltr'><strong>in</strong></span> <span class='ocrx_word' id='word_1_96' title='bbox 922 1169 980 1221; x_wconf 83' lang='lat' dir='ltr'><strong>basi</strong></span> <span class='ocrx_word' id='word_1_97' title='bbox 998 1172 1065 1233; x_wconf 71' lang='lat' dir='ltr'><strong>luit:</strong></span> <span class='ocrx_word' id='word_1_98' title='bbox 1115 1206 1119 1214; x_wconf 88' lang='lat'>·</span> 
     </span>
     <span class='ocr_line' id='line_1_14' title="bbox 99 1236 1064 1304; baseline 0.008 -21"><span class='ocrx_word' id='word_1_99' title='bbox 99 1241 134 1288; x_wconf 65' lang='lat' dir='ltr'><strong>,ri</strong></span> <span class='ocrx_word' id='word_1_100' title='bbox 166 1237 309 1289; x_wconf 80' lang='lat' dir='ltr'><strong>Emitlzeo.</strong></span> <span class='ocrx_word' id='word_1_101' title='bbox 343 1236 395 1288; x_wconf 88' lang='lat' dir='ltr'><strong>Sed</strong></span> <span class='ocrx_word' id='word_1_102' title='bbox 418 1237 557 1288; x_wconf 80' lang='lat' dir='ltr'><strong>Vulcatius</strong></span> <span class='ocrx_word' id='word_1_103' title='bbox 581 1251 697 1304; x_wconf 80' lang='lat' dir='ltr'><strong>aruspex</strong></span> <span class='ocrx_word' id='word_1_104' title='bbox 721 1236 750 1287; x_wconf 91' lang='lat' dir='ltr'><strong>in</strong></span> <span class='ocrx_word' id='word_1_105' title='bbox 775 1237 904 1288; x_wconf 89' lang='lat' dir='ltr'><strong>contione</strong></span> <span class='ocrx_word' id='word_1_106' title='bbox 929 1239 996 1297; x_wconf 83' lang='lat' dir='ltr'><strong>dixit</strong></span> <span class='ocrx_word' id='word_1_107' title='bbox 1018 1256 1064 1291; x_wconf 90' lang='lat' dir='ltr'><strong>co-</strong></span> 
     </span>
     <span class='ocr_line' id='line_1_15' title="bbox 99 1304 1061 1379; baseline 0.001 -23"><span class='ocrx_word' id='word_1_108' title='bbox 99 1327 105 1359; x_wconf 84' lang='lat' dir='ltr'><strong>r</strong></span> <span class='ocrx_word' id='word_1_109' title='bbox 126 1323 211 1373; x_wconf 87' lang='lat' dir='ltr'><strong>esse,</strong></span> <span class='ocrx_word' id='word_1_110' title='bbox 233 1306 280 1374; x_wconf 86' lang='lat' dir='ltr'><strong>qui</strong></span> <span class='ocrx_word' id='word_1_111' title='bbox 297 1304 465 1374; x_wconf 85' lang='lat' dir='ltr'><strong>significaret</strong></span> <span class='ocrx_word' id='word_1_112' title='bbox 482 1306 585 1357; x_wconf 88' lang='lat' dir='ltr'><strong>exitum</strong></span> <span class='ocrx_word' id='word_1_113' title='bbox 602 1305 666 1355; x_wconf 83' lang='lat' dir='ltr'><strong>novi</strong></span> <span class='ocrx_word' id='word_1_114' title='bbox 684 1304 782 1370; x_wconf 85' lang='lat' dir='ltr'><strong>seculi,</strong></span> <span class='ocrx_word' id='word_1_115' title='bbox 800 1313 828 1358; x_wconf 84' lang='lat' dir='ltr'><strong>et</strong></span> <span class='ocrx_word' id='word_1_116' title='bbox 843 1308 997 1379; x_wconf 85' lang='lat' dir='ltr'><strong>ingressum</strong></span> <span class='ocrx_word' id='word_1_117' title='bbox 1015 1309 1061 1363; x_wconf 77' lang='lat' dir='ltr'><strong>de-</strong></span> 
     </span>
     <span class='ocr_line' id='line_1_16' title="bbox 119 1374 1063 1444; baseline 0.004 -18"><span class='ocrx_word' id='word_1_118' title='bbox 119 1377 173 1426; x_wconf 89' lang='lat' dir='ltr'><strong>sed</strong></span> <span class='ocrx_word' id='word_1_119' title='bbox 203 1375 278 1444; x_wconf 88' lang='lat' dir='ltr'><strong>quod</strong></span> <span class='ocrx_word' id='word_1_120' title='bbox 300 1375 391 1425; x_wconf 88' lang='lat' dir='ltr'><strong>invitis</strong></span> <span class='ocrx_word' id='word_1_121' title='bbox 407 1374 466 1425; x_wconf 88' lang='lat' dir='ltr'><strong>Diis</strong></span> <span class='ocrx_word' id='word_1_122' title='bbox 482 1381 588 1426; x_wconf 84' lang='lat' dir='ltr'><strong>secreta</strong></span> <span class='ocrx_word' id='word_1_123' title='bbox 612 1389 710 1425; x_wconf 87' lang='lat' dir='ltr'><strong>rerum</strong></span> <span class='ocrx_word' id='word_1_124' title='bbox 734 1375 945 1444; x_wconf 81' lang='lat' dir='ltr'><strong>pronunciaret,</strong></span> <span class='ocrx_word' id='word_1_125' title='bbox 967 1378 1063 1431; x_wconf 83' lang='lat' dir='ltr'><strong>statim</strong></span> 
     </span>
     <span class='ocr_line' id='line_1_17' title="bbox 99 1441 1061 1511; baseline 0.005 -15"><span class='ocrx_word' id='word_1_126' title='bbox 99 1464 116 1496; x_wconf 88' lang='lat' dir='ltr'><strong>e</strong></span> <span class='ocrx_word' id='word_1_127' title='bbox 136 1445 331 1506; x_wconf 88' lang='lat' dir='ltr'><strong>moriturum,</strong></span> <span class='ocrx_word' id='word_1_128' title='bbox 356 1451 384 1494; x_wconf 90' lang='lat' dir='ltr'><strong>et</strong></span> <span class='ocrx_word' id='word_1_129' title='bbox 409 1444 532 1495; x_wconf 87' lang='lat' dir='ltr'><strong>noudum</strong></span> <span class='ocrx_word' id='word_1_130' title='bbox 556 1443 633 1493; x_wconf 81' lang='lat' dir='ltr'><strong>linita</strong></span> <span class='ocrx_word' id='word_1_131' title='bbox 652 1441 778 1494; x_wconf 88' lang='lat' dir='ltr'><strong>oratioue</strong></span> <span class='ocrx_word' id='word_1_132' title='bbox 801 1443 830 1494; x_wconf 92' lang='lat' dir='ltr'><strong>in</strong></span> <span class='ocrx_word' id='word_1_133' title='bbox 849 1444 915 1511; x_wconf 68' lang='lat' dir='ltr'><strong>*ipsa</strong></span> <span class='ocrx_word' id='word_1_134' title='bbox 931 1446 1061 1501; x_wconf 78' lang='lat' dir='ltr'><strong>contione</strong></span> 
     </span>
     <span class='ocr_line' id='line_1_18' title="bbox 99 1510 1061 1579; baseline 0.004 -15"><span class='ocrx_word' id='word_1_135' title='bbox 99 1515 142 1564; x_wconf 91' lang='lat' dir='ltr'><strong>lit.</strong></span> <span class='ocrx_word' id='word_1_136' title='bbox 183 1514 246 1562; x_wconf 84' lang='lat' dir='ltr'><strong>Hoc</strong></span> <span class='ocrx_word' id='word_1_137' title='bbox 262 1513 347 1563; x_wconf 80' lang='lat' dir='ltr'><strong>etiam</strong></span> <span class='ocrx_word' id='word_1_138' title='bbox 359 1514 495 1579; x_wconf 81' lang='lat' dir='ltr'><strong>Augustus</strong></span> <span class='ocrx_word' id='word_1_139' title='bbox 512 1513 541 1562; x_wconf 91' lang='lat' dir='ltr'><strong>in</strong></span> <span class='ocrx_word' id='word_1_140' title='bbox 559 1510 632 1563; x_wconf 88' lang='lat' dir='ltr'><strong>libro</strong></span> <span class='ocrx_word' id='word_1_141' title='bbox 649 1510 768 1562; x_wconf 90' lang='lat' dir='ltr'><strong>secundo</strong></span> <span class='ocrx_word' id='word_1_142' title='bbox 787 1510 821 1561; x_wconf 87' lang='lat' dir='ltr'><strong>de</strong></span> <span class='ocrx_word' id='word_1_143' title='bbox 837 1515 975 1564; x_wconf 86' lang='lat' dir='ltr'><strong>memoria</strong></span> <span class='ocrx_word' id='word_1_144' title='bbox 990 1515 1061 1570; x_wconf 80' lang='lat' dir='ltr'><strong>vitae</strong></span> 
     </span>
    </p>
   </div>
   <div class='ocr_carea' id='block_1_4' title="bbox 99 1574 1148 1650">
    <p class='ocr_par' dir='ltr' id='par_1_4' title="bbox 99 1574 1148 1650">
     <span class='ocr_line' id='line_1_19' title="bbox 99 1574 1148 1650; baseline 0.006 -18"><span class='ocrx_word' id='word_1_145' title='bbox 99 1574 336 1648; x_wconf 77' lang='lat' dir='ltr'><strong>:amplexus&#39;es&#39;t3</strong></span> <span class='ocrx_word' id='word_1_146' title='bbox 359 1590 388 1632; x_wconf 93' lang='lat' dir='ltr'><strong>et</strong></span> <span class='ocrx_word' id='word_1_147' title='bbox 404 1582 472 1632; x_wconf 87' lang='lat' dir='ltr'><strong>haec</strong></span> <span class='ocrx_word' id='word_1_148' title='bbox 488 1580 592 1631; x_wconf 85' lang='lat' dir='ltr'><strong>Moeris</strong></span> <span class='ocrx_word' id='word_1_149' title='bbox 609 1596 666 1630; x_wconf 89' lang='lat' dir='ltr'><strong>uon</strong></span> <span class='ocrx_word' id='word_1_150' title='bbox 690 1588 720 1631; x_wconf 93' lang='lat' dir='ltr'><strong>ut</strong></span> <span class='ocrx_word' id='word_1_151' title='bbox 742 1595 805 1643; x_wconf 86' lang='lat' dir='ltr'><strong>sua,</strong></span> <span class='ocrx_word' id='word_1_152' title='bbox 827 1581 874 1632; x_wconf 80' lang='lat' dir='ltr'><strong>sed</strong></span> <span class='ocrx_word' id='word_1_153' title='bbox 892 1583 999 1650; x_wconf 82' lang='lat' dir='ltr'><strong>Virgilii</strong></span> <span class='ocrx_word' id='word_1_154' title='bbox 1014 1602 1060 1638; x_wconf 84' lang='lat' dir='ltr'><strong>re·</strong></span> <span class='ocrx_word' id='word_1_155' title='bbox 1115 1606 1118 1617; x_wconf 94' lang='lat'><em>·</em></span> <span class='ocrx_word' id='word_1_156' title='bbox 1147 1590 1148 1595; x_wconf 77' lang='grc'>’</span> 
     </span>
    </p>
   </div>
   <div class='ocr_carea' id='block_1_5' title="bbox 99 1646 1117 3094">
    <p class='ocr_par' dir='ltr' id='par_1_5' title="bbox 99 1646 1117 3094">
     <span class='ocr_line' id='line_1_20' title="bbox 99 1646 1061 1720; baseline 0 -18"><span class='ocrx_word' id='word_1_157' title='bbox 99 1651 131 1702; x_wconf 85' lang='lat' dir='ltr'><strong>in</strong></span> <span class='ocrx_word' id='word_1_158' title='bbox 152 1651 298 1701; x_wconf 86' lang='lat' dir='ltr'><strong>honorem</strong></span> <span class='ocrx_word' id='word_1_159' title='bbox 314 1650 427 1717; x_wconf 82' lang='lat' dir='ltr'><strong>Augusti</strong></span> <span class='ocrx_word' id='word_1_160' title='bbox 449 1647 621 1718; x_wconf 72' lang='lat' dir='ltr'><strong>composita]</strong></span> <span class='ocrx_word' id='word_1_161' title='bbox 637 1675 673 1686; x_wconf 87' lang='lat'>—</span> <span class='ocrx_word' id='word_1_162' title='bbox 715 1651 759 1704; x_wconf 76' lang='grc'><strong>48.</strong></span> <span class='ocrx_word' id='word_1_163' title='bbox 778 1646 842 1714; x_wconf 84' lang='lat' dir='ltr'><strong>Quo</strong></span> <span class='ocrx_word' id='word_1_164' title='bbox 868 1660 971 1716; x_wconf 74' lang='lat' dir='ltr'><strong>segetes</strong></span> <span class='ocrx_word' id='word_1_165' title='bbox 988 1670 1061 1720; x_wconf 84' lang='lat' dir='ltr'><strong>gnu-</strong></span> 
     </span>
     <span class='ocr_line' id='line_1_21' title="bbox 99 1715 1060 1799; baseline 0.006 -31"><span class='ocrx_word' id='word_1_166' title='bbox 99 1732 103 1768; x_wconf 75' lang='grc' dir='ltr'><strong>ε</strong></span> <span class='ocrx_word' id='word_1_167' title='bbox 121 1719 186 1787; x_wconf 77' lang='lat' dir='ltr'><strong>fru</strong></span> <span class='ocrx_word' id='word_1_168' title='bbox 210 1720 297 1799; x_wconf 70' lang='lat' dir='ltr'><strong>ibus5⁷</strong></span> <span class='ocrx_word' id='word_1_169' title='bbox 318 1718 353 1769; x_wconf 85' lang='lat' dir='ltr'><strong>ad</strong></span> <span class='ocrx_word' id='word_1_170' title='bbox 376 1734 502 1770; x_wconf 87' lang='lat' dir='ltr'><strong>mensem</strong></span> <span class='ocrx_word' id='word_1_171' title='bbox 526 1717 621 1769; x_wconf 78' lang='lat' dir='ltr'><strong>alludit</strong></span> <span class='ocrx_word' id='word_1_172' title='bbox 643 1715 758 1783; x_wconf 90' lang='lat' dir='ltr'><strong>Iulium,</strong></span> <span class='ocrx_word' id='word_1_173' title='bbox 782 1718 828 1786; x_wconf 87' lang='lat' dir='ltr'><strong>qui</strong></span> <span class='ocrx_word' id='word_1_174' title='bbox 855 1717 942 1768; x_wconf 90' lang='lat' dir='ltr'><strong>dictus</strong></span> <span class='ocrx_word' id='word_1_175' title='bbox 966 1729 1007 1772; x_wconf 89' lang='lat' dir='ltr'><strong>est</strong></span> <span class='ocrx_word' id='word_1_176' title='bbox 1029 1723 1060 1774; x_wconf 91' lang='lat' dir='ltr'><strong>in</strong></span> 
     </span>
     <span class='ocr_line' id='line_1_22' title="bbox 99 1738 1088 1854; baseline 0 -15"><span class='ocrx_word' id='word_1_177' title='bbox 99 1805 152 1839; x_wconf 87' lang='lat' dir='ltr'><strong>em</strong></span> <span class='ocrx_word' id='word_1_178' title='bbox 183 1738 323 1838; x_wconf 57' lang='lat' dir='ltr'><strong>gae-saris:</strong></span> <span class='ocrx_word' id='word_1_179' title='bbox 352 1803 408 1854; x_wconf 79' lang='lat' dir='ltr'><strong>quo</strong></span> <span class='ocrx_word' id='word_1_180' title='bbox 439 1795 467 1840; x_wconf 87' lang='lat' dir='ltr'><strong>et</strong></span> <span class='ocrx_word' id='word_1_181' title='bbox 490 1803 558 1837; x_wconf 79' lang='lat' dir='ltr'><strong>uvae</strong></span> <span class='ocrx_word' id='word_1_182' title='bbox 583 1793 611 1837; x_wconf 90' lang='lat' dir='ltr'><strong>et</strong></span> <span class='ocrx_word' id='word_1_183' title='bbox 634 1787 774 1837; x_wconf 82' lang='lat' dir='ltr'><strong>frumenta</strong></span> <span class='ocrx_word' id='word_1_184' title='bbox 798 1794 994 1839; x_wconf 83' lang='lat' dir='ltr'><strong>maturescunt</strong></span> <span class='ocrx_word' id='word_1_185' title='bbox 1022 1817 1059 1828; x_wconf 91' lang='lat'>-</span> <span class='ocrx_word' id='word_1_186' title='bbox 1085 1846 1088 1851; x_wconf 91' lang='lat'><em>.</em></span> 
     </span>
     <span class='ocr_line' id='line_1_23' title="bbox 99 1853 1089 1923; baseline 0.004 -17"><span class='ocrx_word' id='word_1_187' title='bbox 99 1875 187 1907; x_wconf 80' lang='lat' dir='ltr'><strong>urere</strong></span> <span class='ocrx_word' id='word_1_188' title='bbox 207 1855 327 1922; x_wconf 81' lang='lat' dir='ltr'><strong>Daphni</strong></span> <span class='ocrx_word' id='word_1_189' title='bbox 350 1873 452 1923; x_wconf 81' lang='lat' dir='ltr'><strong>pyros,·</strong></span> <span class='ocrx_word' id='word_1_190' title='bbox 475 1855 529 1905; x_wconf 89' lang='lat' dir='ltr'><strong>hoc</strong></span> <span class='ocrx_word' id='word_1_191' title='bbox 554 1855 583 1905; x_wconf 87' lang='lat' dir='ltr'><strong>in</strong></span> <span class='ocrx_word' id='word_1_192' title='bbox 616 1853 729 1905; x_wconf 77' lang='lat' dir='ltr'><strong>rratiam</strong></span> <span class='ocrx_word' id='word_1_193' title='bbox 753 1855 881 1922; x_wconf 81' lang='lat' dir='ltr'><strong>Augusti,</strong></span> <span class='ocrx_word' id='word_1_194' title='bbox 905 1871 956 1921; x_wconf 86' lang='lat' dir='ltr'><strong>per</strong></span> <span class='ocrx_word' id='word_1_195' title='bbox 979 1858 1058 1910; x_wconf 84' lang='lat' dir='ltr'><strong>cuius</strong></span> <span class='ocrx_word' id='word_1_196' title='bbox 1086 1854 1089 1860; x_wconf 77' lang='grc'><strong>’</strong></span> 
     </span>
     <span class='ocr_line' id='line_1_24' title="bbox 99 1874 1058 1993; baseline -0.001 -14"><span class='ocrx_word' id='word_1_197' title='bbox 99 1928 187 1979; x_wconf 85' lang='lat' dir='ltr'><strong>cium</strong></span> <span class='ocrx_word' id='word_1_198' title='bbox 211 1940 323 1976; x_wconf 85' lang='lat' dir='ltr'><strong>securus</strong></span> <span class='ocrx_word' id='word_1_199' title='bbox 348 1925 382 1976; x_wconf 88' lang='lat' dir='ltr'><strong>de</strong></span> <span class='ocrx_word' id='word_1_200' title='bbox 400 1923 473 1992; x_wconf 84' lang='lat' dir='ltr'><strong>agris</strong></span> <span class='ocrx_word' id='word_1_201' title='bbox 489 1923 544 1973; x_wconf 88' lang='lat' dir='ltr'><strong>suis</strong></span> <span class='ocrx_word' id='word_1_202' title='bbox 563 1874 625 1987; x_wconf 42' lang='lat' dir='ltr'><strong>esti</strong></span> <span class='ocrx_word' id='word_1_203' title='bbox 659 1922 779 1990; x_wconf 74' lang='lat' dir='ltr'><strong>Carpant</strong></span> <span class='ocrx_word' id='word_1_204' title='bbox 802 1932 852 1972; x_wconf 84' lang='lat' dir='ltr'><strong>tua</strong></span> <span class='ocrx_word' id='word_1_205' title='bbox 870 1925 953 1988; x_wconf 74' lang='lat' dir='ltr'><strong>pomo</strong></span> <span class='ocrx_word' id='word_1_206' title='bbox 974 1943 1058 1993; x_wconf 81' lang='lat' dir='ltr'><strong>nepo-</strong></span> 
     </span>
     <span class='ocr_line' id='line_1_25' title="bbox 99 1991 1058 2059; baseline 0.005 -15"><span class='ocrx_word' id='word_1_207' title='bbox 99 2013 120 2044; x_wconf 77' lang='lat' dir='ltr'><strong>e</strong></span> <span class='ocrx_word' id='word_1_208' title='bbox 139 1995 165 2045; x_wconf 85' lang='lat' dir='ltr'><strong>si</strong></span> <span class='ocrx_word' id='word_1_209' title='bbox 187 1992 306 2045; x_wconf 87' lang='lat' dir='ltr'><strong>diceret:</strong></span> <span class='ocrx_word' id='word_1_210' title='bbox 333 1993 410 2046; x_wconf 90' lang='lat' dir='ltr'><strong>Nihil</strong></span> <span class='ocrx_word' id='word_1_211' title='bbox 427 2001 482 2057; x_wconf 86' lang='lat' dir='ltr'><strong>est,</strong></span> <span class='ocrx_word' id='word_1_212' title='bbox 506 1993 579 2059; x_wconf 88' lang='lat' dir='ltr'><strong>quod</strong></span> <span class='ocrx_word' id='word_1_213' title='bbox 596 1991 682 2058; x_wconf 88' lang='lat' dir='ltr'><strong>possis</strong></span> <span class='ocrx_word' id='word_1_214' title='bbox 699 1993 816 2053; x_wconf 86' lang='lat' dir='ltr'><strong>timere;</strong></span> <span class='ocrx_word' id='word_1_215' title='bbox 839 2009 905 2042; x_wconf 89' lang='lat' dir='ltr'><strong>nam</strong></span> <span class='ocrx_word' id='word_1_216' title='bbox 924 1994 971 2057; x_wconf 88' lang='lat' dir='ltr'><strong>(et)</strong></span> <span class='ocrx_word' id='word_1_217' title='bbox 989 1995 1058 2049; x_wconf 85' lang='lat' dir='ltr'><strong>illud</strong></span> 
     </span>
     <span class='ocr_line' id='line_1_26' title="bbox 99 2059 1055 2133; baseline 0.001 -19"><span class='ocrx_word' id='word_1_218' title='bbox 99 2065 139 2128; x_wconf 84' lang='lat' dir='ltr'><strong>it,</strong></span> <span class='ocrx_word' id='word_1_219' title='bbox 158 2063 239 2130; x_wconf 85' lang='lat' dir='ltr'><strong>quod</strong></span> <span class='ocrx_word' id='word_1_220' title='bbox 256 2079 337 2133; x_wconf 86' lang='lat' dir='ltr'><strong>supra</strong></span> <span class='ocrx_word' id='word_1_221' title='bbox 356 2063 398 2126; x_wconf 84' lang='lat' dir='ltr'><strong>(E.</strong></span> <span class='ocrx_word' id='word_1_222' title='bbox 417 2067 448 2125; x_wconf 86' lang='lat'><strong>1,</strong></span> <span class='ocrx_word' id='word_1_223' title='bbox 466 2059 521 2122; x_wconf 79' lang='grc'><strong>74.)</strong></span> <span class='ocrx_word' id='word_1_224' title='bbox 538 2059 669 2111; x_wconf 80' lang='lat' dir='ltr'><strong>invidiose</strong></span> <span class='ocrx_word' id='word_1_225' title='bbox 687 2060 739 2115; x_wconf 75' lang='lat' dir='ltr'><strong>eit:</strong></span> <span class='ocrx_word' id='word_1_226' title='bbox 763 2059 858 2110; x_wconf 80' lang='lat' dir='ltr'><strong>Insere</strong></span> <span class='ocrx_word' id='word_1_227' title='bbox 877 2078 954 2110; x_wconf 85' lang='lat' dir='ltr'><strong>nunc</strong></span> <span class='ocrx_word' id='word_1_228' title='bbox 972 2063 1055 2115; x_wconf 76' lang='lat' dir='ltr'><strong>Meli·</strong></span> 
     </span>
     <span class='ocr_line' id='line_1_27' title="bbox 99 2130 1057 2200; baseline -0.001 -17"><span class='ocrx_word' id='word_1_229' title='bbox 99 2150 204 2200; x_wconf 65' lang='lat' dir='ltr'><strong>syros,</strong></span> <span class='ocrx_word' id='word_1_230' title='bbox 221 2149 292 2198; x_wconf 82' lang='lat' dir='ltr'><strong>pone</strong></span> <span class='ocrx_word' id='word_1_231' title='bbox 311 2132 414 2184; x_wconf 79' lang='lat' dir='ltr'><strong>ordina</strong></span> <span class='ocrx_word' id='word_1_232' title='bbox 427 2132 506 2181; x_wconf 81' lang='lat' dir='ltr'><strong>vites.</strong></span> <span class='ocrx_word' id='word_1_233' title='bbox 540 2130 591 2198; x_wconf 82' lang='lat' dir='ltr'><strong>[Ite</strong></span> <span class='ocrx_word' id='word_1_234' title='bbox 610 2145 698 2193; x_wconf 80' lang='lat' dir='ltr'><strong>meos,</strong></span> <span class='ocrx_word' id='word_1_235' title='bbox 716 2130 857 2195; x_wconf 81' lang='lat' dir='ltr'><strong>quondum</strong></span> <span class='ocrx_word' id='word_1_236' title='bbox 868 2130 947 2198; x_wconf 71' lang='lat' dir='ltr'><strong>felis</strong></span> <span class='ocrx_word' id='word_1_237' title='bbox 964 2149 1057 2199; x_wconf 77' lang='lat' dir='ltr'><strong>pecus,</strong></span> 
     </span>
     <span class='ocr_line' id='line_1_28' title="bbox 102 2197 1055 2270; baseline 0 -18"><span class='ocrx_word' id='word_1_238' title='bbox 102 2203 220 2270; x_wconf 76' lang='lat' dir='ltr'><strong>pellae.-</strong></span> <span class='ocrx_word' id='word_1_239' title='bbox 251 2199 317 2251; x_wconf 88' lang='lat' dir='ltr'><strong>Non</strong></span> <span class='ocrx_word' id='word_1_240' title='bbox 343 2218 392 2267; x_wconf 83' lang='lat' dir='ltr'><strong>ego</strong></span> <span class='ocrx_word' id='word_1_241' title='bbox 414 2197 604 2266; x_wconf 48' lang='lat' dir='ltr'><strong>voslposthoc</strong></span> <span class='ocrx_word' id='word_1_242' title='bbox 628 2198 718 2248; x_wconf 84' lang='lat' dir='ltr'><strong>viridi</strong></span> <span class='ocrx_word' id='word_1_243' title='bbox 738 2200 877 2264; x_wconf 85' lang='lat' dir='ltr'><strong>proiectus</strong></span> <span class='ocrx_word' id='word_1_244' title='bbox 908 2201 939 2248; x_wconf 87' lang='lat' dir='ltr'><strong>in</strong></span> <span class='ocrx_word' id='word_1_245' title='bbox 969 2212 1055 2253; x_wconf 83' lang='lat' dir='ltr'><strong>antro</strong></span> 
     </span>
     <span class='ocr_line' id='line_1_29' title="bbox 99 2264 1056 2338; baseline 0.002 -19"><span class='ocrx_word' id='word_1_246' title='bbox 99 2289 143 2322; x_wconf 73' lang='lat' dir='ltr'><strong>»sa</strong></span> <span class='ocrx_word' id='word_1_247' title='bbox 169 2270 207 2320; x_wconf 80' lang='lat' dir='ltr'><strong>dc</strong></span> <span class='ocrx_word' id='word_1_248' title='bbox 232 2286 299 2335; x_wconf 82' lang='lat' dir='ltr'><strong>rupe</strong></span> <span class='ocrx_word' id='word_1_249' title='bbox 323 2269 423 2336; x_wconf 88' lang='lat' dir='ltr'><strong>procul</strong></span> <span class='ocrx_word' id='word_1_250' title='bbox 447 2268 563 2334; x_wconf 81' lang='lat' dir='ltr'><strong>pendere</strong></span> <span class='ocrx_word' id='word_1_251' title='bbox 588 2264 705 2330; x_wconf 77' lang='lat' dir='ltr'><strong>videtu]</strong></span> <span class='ocrx_word' id='word_1_252' title='bbox 722 2294 755 2303; x_wconf 91' lang='lat'>-</span> <span class='ocrx_word' id='word_1_253' title='bbox 798 2274 840 2324; x_wconf 87' lang='lat'><strong>51.</strong></span> <span class='ocrx_word' id='word_1_254' title='bbox 867 2264 975 2319; x_wconf 80' lang='lat' dir='ltr'><strong>Ouinia</strong></span> <span class='ocrx_word' id='word_1_255' title='bbox 994 2269 1056 2338; x_wconf 80' lang='lat' dir='ltr'><strong>fert</strong></span> 
     </span>
     <span class='ocr_line' id='line_1_30' title="bbox 99 2335 1054 2406; baseline 0 -16"><span class='ocrx_word' id='word_1_256' title='bbox 99 2364 105 2403; x_wconf 64' lang='grc' dir='ltr'><strong><em>ς</em></strong></span> <span class='ocrx_word' id='word_1_257' title='bbox 131 2340 151 2391; x_wconf 94' lang='lat' dir='ltr'><strong>i.</strong></span> <span class='ocrx_word' id='word_1_258' title='bbox 171 2357 198 2390; x_wconf 89' lang='lat' dir='ltr'><strong>e.</strong></span> <span class='ocrx_word' id='word_1_259' title='bbox 217 2340 324 2402; x_wconf 73' lang='lat' dir='ltr'><strong>atxsert,</strong></span> <span class='ocrx_word' id='word_1_260' title='bbox 347 2354 413 2388; x_wconf 86' lang='lat' dir='ltr'><strong>nam</strong></span> <span class='ocrx_word' id='word_1_261' title='bbox 430 2337 608 2404; x_wconf 85' lang='lat' dir='ltr'><strong>intelligimus</strong></span> <span class='ocrx_word' id='word_1_262' title='bbox 625 2351 690 2386; x_wconf 87' lang='lat' dir='ltr'><strong>euru</strong></span> <span class='ocrx_word' id='word_1_263' title='bbox 707 2335 797 2385; x_wconf 86' lang='lat' dir='ltr'><strong>subito</strong></span> <span class='ocrx_word' id='word_1_264' title='bbox 815 2336 975 2403; x_wconf 83' lang='lat' dir='ltr'><strong>obticuisse,</strong></span> <span class='ocrx_word' id='word_1_265' title='bbox 992 2356 1054 2406; x_wconf 85' lang='lat' dir='ltr'><strong>nec,</strong></span> 
     </span>
     <span class='ocr_line' id='line_1_31' title="bbox 105 2405 1054 2476; baseline -0.001 -17"><span class='ocrx_word' id='word_1_266' title='bbox 105 2415 260 2475; x_wconf 75' lang='lat' dir='ltr'><strong>coeperat,</strong></span> <span class='ocrx_word' id='word_1_267' title='bbox 283 2407 402 2476; x_wconf 86' lang='lat' dir='ltr'><strong>implere</strong></span> <span class='ocrx_word' id='word_1_268' title='bbox 428 2406 555 2473; x_wconf 83' lang='lat' dir='ltr'><strong>potuisse.</strong></span> <span class='ocrx_word' id='word_1_269' title='bbox 589 2406 723 2454; x_wconf 84' lang='lat' dir='ltr'><strong>Animum</strong></span> <span class='ocrx_word' id='word_1_270' title='bbox 741 2421 865 2472; x_wconf 79' lang='lat' dir='ltr'><strong>quoquc,-</strong></span> <span class='ocrx_word' id='word_1_271' title='bbox 890 2405 976 2456; x_wconf 86' lang='lat' dir='ltr'><strong>etism</strong></span> <span class='ocrx_word' id='word_1_272' title='bbox 994 2423 1054 2461; x_wconf 86' lang='lat' dir='ltr'><strong>me·</strong></span> 
     </span>
     <span class='ocr_line' id='line_1_32' title="bbox 99 2473 1050 2543; baseline 0.001 -16"><span class='ocrx_word' id='word_1_273' title='bbox 99 2494 139 2527; x_wconf 85' lang='lat' dir='ltr'><strong>m.</strong></span> <span class='ocrx_word' id='word_1_274' title='bbox 157 2503 198 2524; x_wconf 89' lang='lat'><strong>·.-</strong></span> <span class='ocrx_word' id='word_1_275' title='bbox 233 2484 274 2533; x_wconf 81' lang='lat'><strong>52.</strong></span> <span class='ocrx_word' id='word_1_276' title='bbox 292 2474 408 2543; x_wconf 83' lang='lat' dir='ltr'><strong>Longos</strong></span> <span class='ocrx_word' id='word_1_277' title='bbox 426 2476 515 2538; x_wconf 59' lang='grc' dir='ltr'><strong><em>τοίως</em></strong></span> <span class='ocrx_word' id='word_1_278' title='bbox 532 2474 550 2524; x_wconf 90' lang='lat' dir='ltr'><strong>i.</strong></span> <span class='ocrx_word' id='word_1_279' title='bbox 568 2492 593 2525; x_wconf 83' lang='lat' dir='ltr'><strong>s.</strong></span> <span class='ocrx_word' id='word_1_280' title='bbox 610 2473 724 2524; x_wconf 81' lang='lat' dir='ltr'><strong>aestivos</strong></span> <span class='ocrx_word' id='word_1_281' title='bbox 740 2473 797 2524; x_wconf 85' lang='lat' dir='ltr'><strong>dies</strong></span> <span class='ocrx_word' id='word_1_282' title='bbox 814 2473 910 2526; x_wconf 83' lang='lat' dir='ltr'><strong>finire:</strong></span> <span class='ocrx_word' id='word_1_283' title='bbox 928 2481 959 2523; x_wconf 89' lang='lat' dir='ltr'><strong>ut</strong></span> <span class='ocrx_word' id='word_1_284' title='bbox 973 2479 1050 2542; x_wconf 81' lang='lat' dir='ltr'><strong>(Aen.</strong></span> 
     </span>
     <span class='ocr_line' id='line_1_33' title="bbox 99 2542 1051 2612; baseline 0.002 -18"><span class='ocrx_word' id='word_1_285' title='bbox 99 2547 165 2608; x_wconf 79' lang='lat' dir='ltr'><strong>x3.):</strong></span> <span class='ocrx_word' id='word_1_286' title='bbox 196 2543 262 2595; x_wconf 82' lang='lat' dir='ltr'><strong>Tris</strong></span> <span class='ocrx_word' id='word_1_287' title='bbox 287 2545 356 2595; x_wconf 83' lang='lat' dir='ltr'><strong>odeo</strong></span> <span class='ocrx_word' id='word_1_288' title='bbox 383 2547 505 2594; x_wconf 79' lang='lat' dir='ltr'><strong>incertos</strong></span> <span class='ocrx_word' id='word_1_289' title='bbox 529 2559 611 2592; x_wconf 84' lang='lat' dir='ltr'><strong>coeco</strong></span> <span class='ocrx_word' id='word_1_290' title='bbox 636 2543 763 2609; x_wconf 80' lang='lat' dir='ltr'><strong>caligine.</strong></span> <span class='ocrx_word' id='word_1_291' title='bbox 787 2543 868 2593; x_wconf 82' lang='lat' dir='ltr'><strong>soles.</strong></span> <span class='ocrx_word' id='word_1_292' title='bbox 911 2542 1051 2612; x_wconf 67' lang='lat' dir='ltr'><strong>Condereg</strong></span> 
     </span>
     <span class='ocr_line' id='line_1_34' title="bbox 99 2609 1052 2680; baseline -0.004 -15"><span class='ocrx_word' id='word_1_293' title='bbox 99 2645 109 2679; x_wconf 85' lang='lat'><strong>‚·</strong></span> <span class='ocrx_word' id='word_1_294' title='bbox 133 2629 227 2680; x_wconf 82' lang='lat' dir='ltr'><strong>usque</strong></span> <span class='ocrx_word' id='word_1_295' title='bbox 250 2613 285 2664; x_wconf 87' lang='lat' dir='ltr'><strong>sd</strong></span> <span class='ocrx_word' id='word_1_296' title='bbox 309 2629 435 2663; x_wconf 90' lang='lat' dir='ltr'><strong>occasum</strong></span> <span class='ocrx_word' id='word_1_297' title='bbox 460 2613 570 2663; x_wconf 89' lang='lat' dir='ltr'><strong>ducere.</strong></span> <span class='ocrx_word' id='word_1_298' title='bbox 595 2635 627 2648; x_wconf 91' lang='lat'>—</span> <span class='ocrx_word' id='word_1_299' title='bbox 676 2615 719 2668; x_wconf 81' lang='lat'><strong>53.</strong></span> <span class='ocrx_word' id='word_1_300' title='bbox 743 2609 847 2678; x_wconf 80' lang='lat' dir='ltr'><strong>[Nune</strong></span> <span class='ocrx_word' id='word_1_301' title='bbox 872 2611 973 2675; x_wconf 79' lang='lat' dir='ltr'><strong>oblito3</strong></span> <span class='ocrx_word' id='word_1_302' title='bbox 1004 2623 1052 2665; x_wconf 84' lang='lat' dir='ltr'><strong>aut</strong></span> 
     </span>
     <span class='ocr_line' id='line_1_35' title="bbox 99 2679 1050 2751; baseline -0.002 -16"><span class='ocrx_word' id='word_1_303' title='bbox 99 2701 129 2750; x_wconf 83' lang='lat' dir='ltr'><strong>a,</strong></span> <span class='ocrx_word' id='word_1_304' title='bbox 159 2682 205 2733; x_wconf 88' lang='lat' dir='ltr'><strong>vel</strong></span> <span class='ocrx_word' id='word_1_305' title='bbox 234 2681 367 2751; x_wconf 82' lang='lat' dir='ltr'><strong>figurate,</strong></span> <span class='ocrx_word' id='word_1_306' title='bbox 396 2697 513 2749; x_wconf 88' lang='lat' dir='ltr'><strong>quorum</strong></span> <span class='ocrx_word' id='word_1_307' title='bbox 545 2695 595 2747; x_wconf 89' lang='lat' dir='ltr'><strong>ego</strong></span> <span class='ocrx_word' id='word_1_308' title='bbox 627 2679 726 2731; x_wconf 82' lang='lat' dir='ltr'><strong>oblitas</strong></span> <span class='ocrx_word' id='word_1_309' title='bbox 754 2694 824 2729; x_wconf 89' lang='lat' dir='ltr'><strong>sum.</strong></span> <span class='ocrx_word' id='word_1_310' title='bbox 866 2679 901 2729; x_wconf 87' lang='lat' dir='ltr'><strong>Et</strong></span> <span class='ocrx_word' id='word_1_311' title='bbox 923 2682 1050 2750; x_wconf 84' lang='lat' dir='ltr'><strong>ostendit,</strong></span> 
     </span>
     <span class='ocr_line' id='line_1_36' title="bbox 99 2746 1115 2815; baseline -0.001 -12"><span class='ocrx_word' id='word_1_312' title='bbox 99 2770 123 2803; x_wconf 90' lang='lat' dir='ltr'><strong>n</strong></span> <span class='ocrx_word' id='word_1_313' title='bbox 145 2749 257 2802; x_wconf 86' lang='lat' dir='ltr'><strong>nullum</strong></span> <span class='ocrx_word' id='word_1_314' title='bbox 280 2752 375 2814; x_wconf 85' lang='lat' dir='ltr'><strong>suum,</strong></span> <span class='ocrx_word' id='word_1_315' title='bbox 405 2750 464 2802; x_wconf 56' lang='lat' dir='ltr'><strong>sed„</strong></span> <span class='ocrx_word' id='word_1_316' title='bbox 484 2750 577 2800; x_wconf 90' lang='lat' dir='ltr'><strong>omnia</strong></span> <span class='ocrx_word' id='word_1_317' title='bbox 600 2747 744 2815; x_wconf 76' lang='lat' dir='ltr'><strong>Menalcae</strong></span> <span class='ocrx_word' id='word_1_318' title='bbox 769 2746 894 2798; x_wconf 85' lang='lat' dir='ltr'><strong>carmina</strong></span> <span class='ocrx_word' id='word_1_319' title='bbox 917 2749 1052 2803; x_wconf 84' lang='lat' dir='ltr'><strong>retulisse.</strong></span> <span class='ocrx_word' id='word_1_320' title='bbox 1112 2771 1115 2775; x_wconf 77' lang='grc'><strong><em>’</em></strong></span> 
     </span>
     <span class='ocr_line' id='line_1_37' title="bbox 99 2815 1051 2888; baseline -0.001 -19"><span class='ocrx_word' id='word_1_321' title='bbox 99 2837 207 2887; x_wconf 74' lang='lat' dir='ltr'><strong>ynoque</strong></span> <span class='ocrx_word' id='word_1_322' title='bbox 224 2818 337 2871; x_wconf 79' lang='lat' dir='ltr'><strong>Moerin</strong></span> <span class='ocrx_word' id='word_1_323' title='bbox 362 2821 420 2868; x_wconf 87' lang='lat' dir='ltr'><strong>iom</strong></span> <span class='ocrx_word' id='word_1_324' title='bbox 439 2818 618 2888; x_wconf 76' lang='lat' dir='ltr'><strong>fugit--ipso5</strong></span> <span class='ocrx_word' id='word_1_325' title='bbox 644 2817 690 2868; x_wconf 77' lang='lat' dir='ltr'><strong>his&#39;</strong></span> <span class='ocrx_word' id='word_1_326' title='bbox 703 2815 824 2872; x_wconf 90' lang='lat' dir='ltr'><strong>versibus</strong></span> <span class='ocrx_word' id='word_1_327' title='bbox 842 2817 960 2866; x_wconf 89' lang='lat' dir='ltr'><strong>ostendit</strong></span> <span class='ocrx_word' id='word_1_328' title='bbox 976 2818 1051 2885; x_wconf 85' lang='lat' dir='ltr'><strong>vigo·</strong></span> 
     </span>
     <span class='ocr_line' id='line_1_38' title="bbox 99 2884 1078 2957; baseline -0.004 -17"><span class='ocrx_word' id='word_1_329' title='bbox 99 2888 245 2953; x_wconf 81' lang='lat' dir='ltr'><strong>cantandi,</strong></span> <span class='ocrx_word' id='word_1_330' title='bbox 268 2902 353 2957; x_wconf 81' lang='lat' dir='ltr'><strong>quem</strong></span> <span class='ocrx_word' id='word_1_331' title='bbox 375 2887 451 2955; x_wconf 89' lang='lat' dir='ltr'><strong>prius</strong></span> <span class='ocrx_word' id='word_1_332' title='bbox 474 2886 622 2949; x_wconf 81' lang='lat' dir='ltr'><strong>habuerat,</strong></span> <span class='ocrx_word' id='word_1_333' title='bbox 647 2884 797 2953; x_wconf 85' lang='lat' dir='ltr'><strong>perdidisse</strong></span> <span class='ocrx_word' id='word_1_334' title='bbox 805 2906 818 2947; x_wconf 79' lang='lat'><strong>‚=</strong></span> <span class='ocrx_word' id='word_1_335' title='bbox 836 2891 863 2934; x_wconf 91' lang='lat' dir='ltr'><strong>et</strong></span> <span class='ocrx_word' id='word_1_336' title='bbox 879 2902 930 2952; x_wconf 87' lang='lat' dir='ltr'><strong>per</strong></span> <span class='ocrx_word' id='word_1_337' title='bbox 947 2884 1050 2954; x_wconf 87' lang='lat' dir='ltr'><strong>allego·</strong></span> <span class='ocrx_word' id='word_1_338' title='bbox 1069 2901 1078 2909; x_wconf 69' lang='lat'><strong><em>‘</em></strong></span> 
     </span>
     <span class='ocr_line' id='line_1_39' title="bbox 99 2949 1049 3019; baseline -0.001 -11"><span class='ocrx_word' id='word_1_339' title='bbox 99 2958 247 3009; x_wconf 86' lang='lat' dir='ltr'><strong>obsessum</strong></span> <span class='ocrx_word' id='word_1_340' title='bbox 264 2956 344 3008; x_wconf 84' lang='lat' dir='ltr'><strong>malis</strong></span> <span class='ocrx_word' id='word_1_341' title='bbox 361 2957 485 3006; x_wconf 89' lang='lat' dir='ltr'><strong>animum</strong></span> <span class='ocrx_word' id='word_1_342' title='bbox 504 2952 692 3017; x_wconf 82' lang='lat' dir='ltr'><strong>demonstrat]</strong></span> <span class='ocrx_word' id='word_1_343' title='bbox 708 2979 743 2990; x_wconf 90' lang='lat'>—</span> <span class='ocrx_word' id='word_1_344' title='bbox 779 2954 821 3010; x_wconf 77' lang='lat'><strong>54.</strong></span> <span class='ocrx_word' id='word_1_345' title='bbox 838 2949 917 3019; x_wconf 84' lang='lat' dir='ltr'><strong>Lupi</strong></span> <span class='ocrx_word' id='word_1_346' title='bbox 933 2953 1049 3007; x_wconf 84' lang='lat' dir='ltr'><strong>Moerin</strong></span> 
     </span>
     <span class='ocr_line' id='line_1_40' title="bbox 99 3020 1117 3094; baseline -0.001 -17"><span class='ocrx_word' id='word_1_347' title='bbox 99 3044 103 3072; x_wconf 78' lang='grc' dir='ltr'><em>τ</em></span> <span class='ocrx_word' id='word_1_348' title='bbox 120 3029 250 3094; x_wconf 82' lang='lat' dir='ltr'><strong>priores‚·</strong></span> <span class='ocrx_word' id='word_1_349' title='bbox 268 3025 322 3076; x_wconf 89' lang='lat' dir='ltr'><strong>hoc</strong></span> <span class='ocrx_word' id='word_1_350' title='bbox 339 3025 429 3076; x_wconf 80' lang='lat' dir='ltr'><strong>etiarn·</strong></span> <span class='ocrx_word' id='word_1_351' title='bbox 440 3023 547 3092; x_wconf 83' lang='lat' dir='ltr'><strong>Physici</strong></span> <span class='ocrx_word' id='word_1_352' title='bbox 563 3023 742 3074; x_wconf 84' lang='lat' dir='ltr'><strong>confirmant:</strong></span> <span class='ocrx_word' id='word_1_353' title='bbox 764 3020 838 3090; x_wconf 87' lang='lat' dir='ltr'><strong>quod</strong></span> <span class='ocrx_word' id='word_1_354' title='bbox 855 3037 920 3073; x_wconf 87' lang='lat' dir='ltr'><strong>voce</strong></span> <span class='ocrx_word' id='word_1_355' title='bbox 938 3023 1049 3077; x_wconf 80' lang='lat' dir='ltr'><strong>desero·</strong></span> <span class='ocrx_word' id='word_1_356' title='bbox 1116 3052 1117 3056; x_wconf 61' lang='lat'><em>=</em></span> 
     </span>
    </p>
   </div>
   <div class='ocr_carea' id='block_1_6' title="bbox 104 3090 1157 3164">
    <p class='ocr_par' dir='ltr' id='par_1_6' title="bbox 104 3090 1157 3164">
     <span class='ocr_line' id='line_1_41' title="bbox 104 3090 1157 3164; baseline 0 -19"><span class='ocrx_word' id='word_1_357' title='bbox 104 3133 113 3161; x_wconf 88' lang='lat'>,</span> <span class='ocrx_word' id='word_1_358' title='bbox 136 3111 225 3164; x_wconf 82' lang='lat' dir='ltr'><strong>quem</strong></span> <span class='ocrx_word' id='word_1_359' title='bbox 242 3095 319 3162; x_wconf 84' lang='lat' dir='ltr'><strong>prior</strong></span> <span class='ocrx_word' id='word_1_360' title='bbox 336 3093 433 3144; x_wconf 71' lang='lat' dir='ltr'><strong>viderit</strong></span> <span class='ocrx_word' id='word_1_361' title='bbox 457 3093 544 3161; x_wconf 88' lang='lat' dir='ltr'><strong>lupus.</strong></span> <span class='ocrx_word' id='word_1_362' title='bbox 577 3092 665 3143; x_wconf 78' lang='lat' dir='ltr'><strong>&#39;Unde</strong></span> <span class='ocrx_word' id='word_1_363' title='bbox 689 3091 773 3141; x_wconf 87' lang='lat' dir='ltr'><strong>etiam</strong></span> <span class='ocrx_word' id='word_1_364' title='bbox 791 3090 969 3156; x_wconf 85' lang='lat' dir='ltr'><strong>proverbium</strong></span> <span class='ocrx_word' id='word_1_365' title='bbox 993 3093 1048 3145; x_wconf 85' lang='lat' dir='ltr'><strong>hoo</strong></span> <span class='ocrx_word' id='word_1_366' title='bbox 1123 3096 1126 3101; x_wconf 83' lang='lat'>&#39;</span> <span class='ocrx_word' id='word_1_367' title='bbox 1155 3110 1157 3115; x_wconf 77' lang='grc'>’</span> 
     </span>
    </p>
   </div>
   <div class='ocr_carea' id='block_1_7' title="bbox 99 3159 1053 3914">
    <p class='ocr_par' dir='ltr' id='par_1_7' title="bbox 99 3159 1053 3914">
     <span class='ocr_line' id='line_1_42' title="bbox 99 3159 1046 3231; baseline 0.001 -17"><span class='ocrx_word' id='word_1_368' title='bbox 99 3172 182 3216; x_wconf 79' lang='lat' dir='ltr'><strong>test:</strong></span> <span class='ocrx_word' id='word_1_369' title='bbox 203 3161 304 3231; x_wconf 84' lang='lat' dir='ltr'><strong>Lupus</strong></span> <span class='ocrx_word' id='word_1_370' title='bbox 321 3161 382 3228; x_wconf 81' lang='lat' dir='ltr'><strong>[est]</strong></span> <span class='ocrx_word' id='word_1_371' title='bbox 400 3165 432 3212; x_wconf 89' lang='lat' dir='ltr'><strong>in</strong></span> <span class='ocrx_word' id='word_1_372' title='bbox 450 3161 573 3230; x_wconf 78' lang='lat' dir='ltr'><strong>sedula.-</strong></span> <span class='ocrx_word' id='word_1_373' title='bbox 597 3160 722 3228; x_wconf 86' lang='lat' dir='ltr'><strong>quotiens</strong></span> <span class='ocrx_word' id='word_1_374' title='bbox 743 3159 900 3224; x_wconf 88' lang='lat' dir='ltr'><strong>supervenit</strong></span> <span class='ocrx_word' id='word_1_375' title='bbox 922 3160 984 3226; x_wconf 85' lang='lat' dir='ltr'><strong>ille,</strong></span> <span class='ocrx_word' id='word_1_376' title='bbox 1009 3162 1046 3214; x_wconf 85' lang='lat' dir='ltr'><strong>de</strong></span> 
     </span>
     <span class='ocr_line' id='line_1_43' title="bbox 99 3226 1046 3300; baseline -0.003 -17"><span class='ocrx_word' id='word_1_377' title='bbox 99 3233 232 3300; x_wconf 70' lang='lat' dir='ltr'><strong>ignimur,</strong></span> <span class='ocrx_word' id='word_1_378' title='bbox 247 3242 275 3284; x_wconf 85' lang='lat' dir='ltr'><strong>et</strong></span> <span class='ocrx_word' id='word_1_379' title='bbox 291 3230 371 3282; x_wconf 86' lang='lat' dir='ltr'><strong>nohis</strong></span> <span class='ocrx_word' id='word_1_380' title='bbox 388 3246 435 3282; x_wconf 84' lang='lat' dir='ltr'><strong>sua</strong></span> <span class='ocrx_word' id='word_1_381' title='bbox 451 3231 597 3300; x_wconf 87' lang='lat' dir='ltr'><strong>prudentia</strong></span> <span class='ocrx_word' id='word_1_382' title='bbox 615 3234 741 3296; x_wconf 78' lang='lat' dir='ltr'><strong>amputat</strong></span> <span class='ocrx_word' id='word_1_383' title='bbox 755 3226 914 3278; x_wconf 77' lang='lat' dir='ltr'><strong>facultatem</strong></span> <span class='ocrx_word' id='word_1_384' title='bbox 932 3228 1046 3297; x_wconf 85' lang='lat' dir='ltr'><strong>loqueu-</strong></span> 
     </span>
     <span class='ocr_line' id='line_1_44' title="bbox 99 3295 1045 3368; baseline 0.002 -21"><span class='ocrx_word' id='word_1_385' title='bbox 99 3340 103 3347; x_wconf 93' lang='lat'>.</span> <span class='ocrx_word' id='word_1_386' title='bbox 137 3309 184 3361; x_wconf 78' lang='lat'><strong>55.</strong></span> <span class='ocrx_word' id='word_1_387' title='bbox 206 3301 294 3368; x_wconf 81' lang='lat' dir='ltr'><strong>[Satis</strong></span> <span class='ocrx_word' id='word_1_388' title='bbox 320 3299 420 3366; x_wconf 77' lang='lat' dir='ltr'><strong>referet</strong></span> <span class='ocrx_word' id='word_1_389' title='bbox 440 3300 494 3348; x_wconf 82' lang='lat' dir='ltr'><strong>tihi</strong></span> <span class='ocrx_word' id='word_1_390' title='bbox 519 3316 597 3365; x_wconf 81' lang='lat' dir='ltr'><strong>saepo</strong></span> <span class='ocrx_word' id='word_1_391' title='bbox 621 3297 785 3358; x_wconf 76' lang='lat' dir='ltr'><strong>Mennlcos5</strong></span> <span class='ocrx_word' id='word_1_392' title='bbox 809 3295 877 3344; x_wconf 87' lang='lat' dir='ltr'><strong>ordo</strong></span> <span class='ocrx_word' id='word_1_393' title='bbox 900 3304 955 3360; x_wconf 86' lang='lat' dir='ltr'><strong>est,</strong></span> <span class='ocrx_word' id='word_1_394' title='bbox 979 3298 1045 3349; x_wconf 82' lang='lat' dir='ltr'><strong>satis</strong></span> 
     </span>
     <span class='ocr_line' id='line_1_45' title="bbox 99 3364 1045 3434; baseline 0 -17"><span class='ocrx_word' id='word_1_395' title='bbox 99 3367 118 3434; x_wconf 96' lang='grc'>]</span> <span class='ocrx_word' id='word_1_396' title='bbox 138 3396 172 3407; x_wconf 92' lang='grc'><strong>-</strong></span> <span class='ocrx_word' id='word_1_397' title='bbox 223 3375 264 3427; x_wconf 82' lang='lat'><strong>56.</strong></span> <span class='ocrx_word' id='word_1_398' title='bbox 282 3369 440 3425; x_wconf 72' lang='lat' dir='ltr'><strong>‚causando</strong></span> <span class='ocrx_word' id='word_1_399' title='bbox 467 3380 577 3417; x_wconf 83' lang='lat' dir='ltr'><strong>nostros</strong></span> <span class='ocrx_word' id='word_1_400' title='bbox 609 3368 640 3417; x_wconf 84' lang='lat' dir='ltr'><strong>iu</strong></span> <span class='ocrx_word' id='word_1_401' title='bbox 671 3367 787 3430; x_wconf 84' lang='lat' dir='ltr'><strong>longum</strong></span> <span class='ocrx_word' id='word_1_402' title='bbox 812 3364 894 3414; x_wconf 83' lang='lat' dir='ltr'><strong>ducis</strong></span> <span class='ocrx_word' id='word_1_403' title='bbox 918 3384 1045 3430; x_wconf 78' lang='lat' dir='ltr'><strong>omorcs3</strong></span> 
     </span>
     <span class='ocr_line' id='line_1_46' title="bbox 99 3431 1042 3491; baseline -0.002 -3"><span class='ocrx_word' id='word_1_404' title='bbox 99 3439 263 3491; x_wconf 69' lang='lat' dir='ltr'><strong>anectendo</strong></span> <span class='ocrx_word' id='word_1_405' title='bbox 287 3438 382 3487; x_wconf 81' lang='lat' dir='ltr'><strong>differs</strong></span> <span class='ocrx_word' id='word_1_406' title='bbox 405 3443 498 3486; x_wconf 82' lang='lat' dir='ltr'><strong>nostra</strong></span> <span class='ocrx_word' id='word_1_407' title='bbox 522 3435 664 3486; x_wconf 86' lang='lat' dir='ltr'><strong>desideria.</strong></span> <span class='ocrx_word' id='word_1_408' title='bbox 681 3461 717 3470; x_wconf 93' lang='lat'><em>-</em></span> <span class='ocrx_word' id='word_1_409' title='bbox 758 3439 799 3489; x_wconf 79' lang='lat'><strong>57.</strong></span> <span class='ocrx_word' id='word_1_410' title='bbox 821 3431 889 3483; x_wconf 84' lang='lat' dir='ltr'><strong>Tibi</strong></span> <span class='ocrx_word' id='word_1_411' title='bbox 912 3435 977 3485; x_wconf 83' lang='lat' dir='ltr'><strong>silet</strong></span> <span class='ocrx_word' id='word_1_412' title='bbox 996 3453 1042 3487; x_wconf 83' lang='grc' dir='ltr'><strong>αι-</strong></span> 
     </span>
     <span class='ocr_line' id='line_1_47' title="bbox 118 3500 1043 3571; baseline -0.001 -13"><span class='ocrx_word' id='word_1_413' title='bbox 118 3507 146 3558; x_wconf 93' lang='lat' dir='ltr'><strong>in</strong></span> <span class='ocrx_word' id='word_1_414' title='bbox 163 3516 243 3557; x_wconf 87' lang='lat' dir='ltr'><strong>tuam</strong></span> <span class='ocrx_word' id='word_1_415' title='bbox 261 3506 389 3571; x_wconf 81' lang='lat' dir='ltr'><strong>gratiam.</strong></span> <span class='ocrx_word' id='word_1_416' title='bbox 424 3504 459 3554; x_wconf 86' lang='lat' dir='ltr'><strong>Et</strong></span> <span class='ocrx_word' id='word_1_417' title='bbox 475 3505 528 3554; x_wconf 87' lang='lat' dir='ltr'><strong>hoc</strong></span> <span class='ocrx_word' id='word_1_418' title='bbox 545 3504 626 3555; x_wconf 87' lang='lat' dir='ltr'><strong>dicit:</strong></span> <span class='ocrx_word' id='word_1_419' title='bbox 649 3504 685 3553; x_wconf 92' lang='lat' dir='ltr'><strong>Ut</strong></span> <span class='ocrx_word' id='word_1_420' title='bbox 702 3500 919 3570; x_wconf 71' lang='lat' dir='ltr'><strong>possumusne,</strong></span> <span class='ocrx_word' id='word_1_421' title='bbox 942 3512 1043 3557; x_wconf 77' lang='lat' dir='ltr'><strong>cuncta</strong></span> 
     </span>
     <span class='ocr_line' id='line_1_48' title="bbox 99 3570 1053 3643; baseline -0.012 -16"><span class='ocrx_word' id='word_1_422' title='bbox 99 3586 150 3627; x_wconf 80' lang='lat' dir='ltr'><strong>unt</strong></span> <span class='ocrx_word' id='word_1_423' title='bbox 188 3577 324 3643; x_wconf 53' lang='lat' dir='ltr'><strong>[Aequom¹</strong></span> <span class='ocrx_word' id='word_1_424' title='bbox 343 3572 460 3642; x_wconf 87' lang='lat' dir='ltr'><strong>spatium</strong></span> <span class='ocrx_word' id='word_1_425' title='bbox 479 3576 631 3640; x_wconf 75' lang='lat' dir='ltr'><strong>campi-</strong></span> <span class='ocrx_word' id='word_1_426' title='bbox 666 3577 708 3629; x_wconf 81' lang='lat'><strong>58.</strong></span> <span class='ocrx_word' id='word_1_427' title='bbox 727 3570 825 3636; x_wconf 81' lang='lat' dir='ltr'><strong>Aspice</strong></span> <span class='ocrx_word' id='word_1_428' title='bbox 844 3574 954 3621; x_wconf 77' lang='lat' dir='ltr'><strong>ventosi</strong></span> <span class='ocrx_word' id='word_1_429' title='bbox 972 3576 1053 3622; x_wconf 67' lang='lat' dir='ltr'><strong>oeci:</strong></span> 
     </span>
     <span class='ocr_line' id='line_1_49' title="bbox 99 3640 1043 3703; baseline -0.002 -10"><span class='ocrx_word' id='word_1_430' title='bbox 99 3657 115 3693; x_wconf 82' lang='lat' dir='ltr'><strong>u</strong></span> <span class='ocrx_word' id='word_1_431' title='bbox 130 3646 289 3695; x_wconf 79' lang='lat' dir='ltr'><strong>murmuris</strong></span> <span class='ocrx_word' id='word_1_432' title='bbox 308 3659 396 3692; x_wconf 83' lang='lat' dir='ltr'><strong>aurae</strong></span> <span class='ocrx_word' id='word_1_433' title='bbox 406 3664 415 3703; x_wconf 81' lang='lat'><strong>‚-</strong></span> <span class='ocrx_word' id='word_1_434' title='bbox 433 3642 543 3692; x_wconf 76' lang='lat' dir='ltr'><strong>frondes</strong></span> <span class='ocrx_word' id='word_1_435' title='bbox 561 3642 665 3692; x_wconf 88' lang='lat' dir='ltr'><strong>scilicet</strong></span> <span class='ocrx_word' id='word_1_436' title='bbox 682 3640 822 3702; x_wconf 86' lang='lat' dir='ltr'><strong>arborum,</strong></span> <span class='ocrx_word' id='word_1_437' title='bbox 839 3641 982 3690; x_wconf 89' lang='lat' dir='ltr'><strong>ostendens</strong></span> <span class='ocrx_word' id='word_1_438' title='bbox 1000 3642 1043 3694; x_wconf 89' lang='lat' dir='ltr'><strong>vel</strong></span> 
     </span>
     <span class='ocr_line' id='line_1_50' title="bbox 102 3706 1042 3780; baseline -0.005 -16"><span class='ocrx_word' id='word_1_439' title='bbox 102 3730 178 3764; x_wconf 77' lang='lat' dir='ltr'><strong>suras</strong></span> <span class='ocrx_word' id='word_1_440' title='bbox 194 3713 343 3780; x_wconf 85' lang='lat' dir='ltr'><strong>quievisse,</strong></span> <span class='ocrx_word' id='word_1_441' title='bbox 367 3709 464 3777; x_wconf 83' lang='lat' dir='ltr'><strong>quibus</strong></span> <span class='ocrx_word' id='word_1_442' title='bbox 480 3709 551 3763; x_wconf 85' lang='lat' dir='ltr'><strong>nihil</strong></span> <span class='ocrx_word' id='word_1_443' title='bbox 568 3711 682 3760; x_wconf 83' lang='lat' dir='ltr'><strong>omnino</strong></span> <span class='ocrx_word' id='word_1_444' title='bbox 700 3715 850 3757; x_wconf 81' lang='lat' dir='ltr'><strong>moveatur.</strong></span> <span class='ocrx_word' id='word_1_445' title='bbox 885 3706 964 3772; x_wconf 86' lang='lat' dir='ltr'><strong>Quod</strong></span> <span class='ocrx_word' id='word_1_446' title='bbox 982 3709 1042 3775; x_wconf 89' lang='lat' dir='ltr'><strong>qui·</strong></span> 
     </span>
     <span class='ocr_line' id='line_1_51' title="bbox 99 3771 1041 3847; baseline -0.005 -15"><span class='ocrx_word' id='word_1_447' title='bbox 99 3782 290 3839; x_wconf 56' lang='lat' dir='ltr'><strong>&amp;Theocrito</strong></span> <span class='ocrx_word' id='word_1_448' title='bbox 315 3778 581 3847; x_wconf 76' lang='lat' dir='ltr'><strong>(6‚11.)sxunptum</strong></span> <span class='ocrx_word' id='word_1_449' title='bbox 606 3786 659 3830; x_wconf 90' lang='lat' dir='ltr'><strong>est:</strong></span> <span class='ocrx_word' id='word_1_450' title='bbox 682 3772 716 3829; x_wconf 77' lang='lat' dir='ltr'><strong>roi</strong></span> <span class='ocrx_word' id='word_1_451' title='bbox 742 3771 771 3827; x_wconf 76' lang='grc' dir='ltr'><strong>δὲ</strong></span> <span class='ocrx_word' id='word_1_452' title='bbox 787 3793 829 3825; x_wconf 81' lang='grc' dir='ltr'><strong>νιν</strong></span> <span class='ocrx_word' id='word_1_453' title='bbox 845 3772 914 3826; x_wconf 77' lang='lat' dir='ltr'><strong>uulsi</strong></span> <span class='ocrx_word' id='word_1_454' title='bbox 931 3772 1041 3842; x_wconf 74' lang='grc' dir='ltr'><em>κύματα</em></span> 
     </span>
     <span class='ocr_line' id='line_1_52' title="bbox 99 3843 1042 3914; baseline -0.013 -9"><span class='ocrx_word' id='word_1_455' title='bbox 99 3869 119 3914; x_wconf 74' lang='lat' dir='ltr'><strong>t,</strong></span> <span class='ocrx_word' id='word_1_456' title='bbox 134 3844 243 3914; x_wconf 69' lang='lat' dir='ltr'><strong>‘&#39;onxa</strong></span> <span class='ocrx_word' id='word_1_457' title='bbox 266 3843 463 3912; x_wconf 77' lang='grc' dir='ltr'><strong><em>καχλάζοντα.]</em></strong></span> <span class='ocrx_word' id='word_1_458' title='bbox 487 3872 521 3883; x_wconf 92' lang='grc'><strong>-</strong></span> <span class='ocrx_word' id='word_1_459' title='bbox 561 3853 604 3906; x_wconf 84' lang='grc'><strong>60.</strong></span> <span class='ocrx_word' id='word_1_460' title='bbox 630 3845 781 3909; x_wconf 84' lang='lat' dir='ltr'><strong>Bianoris,·</strong></span> <span class='ocrx_word' id='word_1_461' title='bbox 806 3843 855 3894; x_wconf 89' lang='lat' dir='ltr'><strong>hic</strong></span> <span class='ocrx_word' id='word_1_462' title='bbox 879 3851 920 3895; x_wconf 89' lang='lat' dir='ltr'><strong>est</strong></span> <span class='ocrx_word' id='word_1_463' title='bbox 943 3845 991 3911; x_wconf 87' lang='lat' dir='ltr'><strong>qui</strong></span> <span class='ocrx_word' id='word_1_464' title='bbox 1014 3852 1042 3896; x_wconf 90' lang='lat' dir='ltr'><strong>et</strong></span> 
     </span>
    </p>
   </div>
   <div class='ocr_carea' id='block_1_8' title="bbox 103 3985 1011 4041">
    <p class='ocr_par' dir='ltr' id='par_1_8' title="bbox 103 3985 1011 4041">
     <span class='ocr_line' id='line_1_53' title="bbox 103 3985 1011 4041; baseline -0.009 -7"><span class='ocrx_word' id='word_1_465' title='bbox 103 3996 122 4034; x_wconf 80' lang='lat' dir='ltr'><strong>ln</strong></span> <span class='ocrx_word' id='word_1_466' title='bbox 132 3998 217 4036; x_wconf 79' lang='lat' dir='ltr'><strong>hennae</strong></span> <span class='ocrx_word' id='word_1_467' title='bbox 232 3997 298 4034; x_wconf 79' lang='lat' dir='ltr'><strong>locum</strong></span> <span class='ocrx_word' id='word_1_468' title='bbox 313 3993 384 4032; x_wconf 85' lang='lat' dir='ltr'><strong>Heius.</strong></span> <span class='ocrx_word' id='word_1_469' title='bbox 399 3990 500 4041; x_wconf 78' lang='lat' dir='ltr'><strong>supplevit</strong></span> <span class='ocrx_word' id='word_1_470' title='bbox 513 3989 577 4029; x_wconf 74' lang='lat' dir='ltr'><strong>radia</strong></span> <span class='ocrx_word' id='word_1_471' title='bbox 585 4006 593 4037; x_wconf 88' lang='lat'><em>;</em></span> <span class='ocrx_word' id='word_1_472' title='bbox 607 3992 675 4029; x_wconf 78' lang='lat' dir='ltr'><strong>Burin.</strong></span> <span class='ocrx_word' id='word_1_473' title='bbox 690 3985 766 4025; x_wconf 86' lang='lat' dir='ltr'><strong>edidit:</strong></span> <span class='ocrx_word' id='word_1_474' title='bbox 782 3988 842 4039; x_wconf 80' lang='lat' dir='ltr'><strong>quusi</strong></span> <span class='ocrx_word' id='word_1_475' title='bbox 855 3986 956 4026; x_wconf 78' lang='lat' dir='ltr'><strong>lentus&#39;scr&#39;e</strong></span> <span class='ocrx_word' id='word_1_476' title='bbox 970 3997 1011 4026; x_wconf 75' lang='lat' dir='ltr'><strong>cor·</strong></span> 
     </span>
    </p>
   </div>
   <div class='ocr_carea' id='block_1_9' title="bbox 99 4065 738 4131">
    <p class='ocr_par' dir='ltr' id='par_1_9' title="bbox 99 4065 738 4131">
     <span class='ocr_line' id='line_1_54' title="bbox 99 4065 738 4131; baseline -0.019 -13"><span class='ocrx_word' id='word_1_477' title='bbox 99 4079 119 4118; x_wconf 87' lang='lat' dir='ltr'><strong>ln</strong></span> <span class='ocrx_word' id='word_1_478' title='bbox 129 4077 239 4131; x_wconf 79' lang='lat' dir='ltr'><strong>proverbio</strong></span> <span class='ocrx_word' id='word_1_479' title='bbox 253 4065 328 4130; x_wconf 73' lang='lat' dir='ltr'><strong>Lupus</strong></span> <span class='ocrx_word' id='word_1_480' title='bbox 342 4079 380 4114; x_wconf 79' lang='lat' dir='ltr'><strong>eu.</strong></span> <span class='ocrx_word' id='word_1_481' title='bbox 396 4084 416 4114; x_wconf 74' lang='grc' dir='ltr'><strong>ν.</strong></span> <span class='ocrx_word' id='word_1_482' title='bbox 431 4078 460 4113; x_wconf 79' lang='lat' dir='ltr'><strong>est</strong></span> <span class='ocrx_word' id='word_1_483' title='bbox 475 4083 514 4111; x_wconf 81' lang='lat' dir='ltr'><strong>om.</strong></span> <span class='ocrx_word' id='word_1_484' title='bbox 528 4071 552 4114; x_wconf 79' lang='lat' dir='ltr'><strong>B.</strong></span> <span class='ocrx_word' id='word_1_485' title='bbox 567 4077 588 4111; x_wconf 81' lang='lat' dir='ltr'><strong>et</strong></span> <span class='ocrx_word' id='word_1_486' title='bbox 603 4069 670 4112; x_wconf 76' lang='lat' dir='ltr'><strong>Guelf.</strong></span> <span class='ocrx_word' id='word_1_487' title='bbox 685 4068 738 4107; x_wconf 86' lang='lat'>1.11.</span> 
     </span>
    </p>
   </div>
   <div class='ocr_carea' id='block_1_10' title="bbox 806 4173 839 4226">
    <p class='ocr_par' dir='ltr' id='par_1_10' title="bbox 806 4173 839 4226">
     <span class='ocr_line' id='line_1_55' title="bbox 806 4173 839 4226; baseline 0.03 -1"><span class='ocrx_word' id='word_1_488' title='bbox 806 4173 839 4226; x_wconf 88' lang='lat'><strong>11</strong></span> 
     </span>
    </p>
   </div>
   <div class='ocr_carea' id='block_1_11' title="bbox 0 0 1220 4620">
    <p class='ocr_par' dir='ltr' id='par_1_11' title="bbox 0 0 1220 4620">
     <span class='ocr_line' id='line_1_56' title="bbox 0 0 1220 4620; baseline 0 5"><span class='ocrx_word' id='word_1_489' title='bbox 0 0 1220 4620; x_wconf 95' lang='lat' dir='ltr'><strong> </strong></span> 
     </span>
    </p>
   </div>
  </div>
 </body>
</html>
