2430 4620
167 275 233 344 112
316 292 320 300 ’
428 271 568 338 saavn
591 273 946 341 COMMENTARIUS

165 460 290 527 referre,
311 462 490 527 ot(.1,62.):
512 460 549 512 Et
571 480 613 512 me
632 461 758 514 Phoebus
780 475 876 526 amat,
901 463 1008 516 Phoebo
1023 483 1082 516 saa
1099 484 1156 516 ser

166 533 243 598 apud
261 549 302 582 me
320 533 443 583 Munera
461 546 529 581 suut
547 533 632 583 lauri.
669 532 801 599 [Cantarc
826 542 921 584 antem
945 538 1057 600 parati,
1079 551 1155 602 prr»

165 602 219 655 rati
237 610 267 653 ut
284 610 430 654 cantarent
447 609 475 651 et
491 602 704 667 responderent,
721 601 763 653 vel
779 620 861 666 pares
874 606 984 668 parati,
1002 605 1081 670 quasi
1099 621 1156 670 pa

202 670 274 737 rati]
299 699 331 709 -
372 678 398 725 6.
422 668 488 718 Hae
514 670 602 730 mihi,·
626 671 729 721 scilicet
752 670 828 722 circa
852 688 915 723 earn
940 681 1063 741 partem,
1094 675 1137 724 ia

208 740 289 811 plinio
306 739 425 793 sedebat.
461 739 537 786 Dum
563 752 672 789 teneros
692 739 810 807 defendo
834 759 852 788 o
871 741 986 808 frigore
1005 755 1111 807 myrtos
1133 788 1156 811 =

163 810 238 863 varie
255 810 300 861 hic
317 809 392 860 locta
409 809 561 876 exponitur.
596 809 668 859 Nam
692 809 739 859 alii
762 810 925 876 simpliciter
943 811 1097 879 accipiunt:

163 887 268 949 myrtoo
290 886 372 946 tego,
397 886 425 929 et
441 887 537 942 tueor,
560 896 596 930 ne
613 894 660 928 ear
677 879 763 943 frigus
780 885 896 937 exurat,
917 879 970 928 Alii
977 916 991 942 ,¹
1009 882 1075 946 quia
1092 898 1156 935 a}

161 947 229 1000 illud
247 948 329 1000 luisse
347 955 472 998 asserunt
487 956 598 1014 tempor
616 947 724 997 dicunt:
743 945 786 996 De
802 948 872 998 endo
892 964 908 996 a
921 947 1052 1014 frigore,
1070 951 1156 1014 (εῑζ

162 1022 262 1071 contra
285 1017 372 1087 frigus
395 1016 528 1067 futurum.
569 1016 621 1066 Alii
645 1016 752 1068 dicunt:
822 1031 851 1065 m
875 1015 1011 1080 delendo,
1031 1016 1050 1066 i.
1069 1036 1108 1081 e.,

163 1084 234 1138 mihi
252 1085 287 1137 od
304 1085 510 1137 defensaculum
527 1099 662 1154 praeparo
680 1092 785 1151 myrtoo
801 1101 818 1135 a
835 1085 955 1151 frigore,
972 1086 990 1135 i.
1008 1103 1032 1137 e.
1049 1103 1156 1154 qua-

163 1154 222 1207 alnc
245 1153 404 1221 frigoribus.
438 1152 532 1207 Solent
548 1155 624 1205 enim
648 1161 772 1222 pastores
790 1151 929 1204 vindicare
953 1153 1007 1204 tibi
1030 1154 1091 1206 loca
1148 1193 1156 1207 .

182 1231 278 1294 ropter
294 1222 381 1291 frigor
397 1223 531 1275 latinum.
548 1246 583 1259 -
617 1231 642 1279 7.
664 1221 714 1272 Vir
731 1225 843 1291 gregis,⁸
861 1221 989 1274 abusive:
1005 1239 1074 1274 nam
1090 1232 1156 1277 ιε

160 1238 309 1346 lominum
326 1299 374 1343 eat.
410 1289 455 1341 Sic
471 1291 538 1343 alibi
556 1290 602 1354 (G.
622 1292 757 1351 3‚125.):
776 1289 865 1356 Quem
883 1291 972 1357 legere
990 1293 1093 1343 virum.

155 1358 291 1414 Horatia!
315 1360 422 1426 (Carm.
441 1364 472 1424 1,
492 1366 540 1423 17,
556 1360 608 1420 7.)2
632 1359 666 1408 Et
685 1360 786 1410 olentis
811 1377 913 1410 uxores
932 1363 1038 1411 mariti.
1072 1364 1156 1429 Ac·

157 1424 208 1501 'gia
227 1438 275 1482 ert.
309 1428 400 1497 [Quod
419 1435 512 1480 tamen
531 1427 564 1478 ad
584 1427 725 1478 Theocriti
743 1429 929 1480 imitationem
946 1429 1054 1481 dictum
1069 1439 1143 1482 est

157 1499 203 1561 ‚ait
225 1504 267 1565 (8,
283 1498 354 1563 49·):
372 1487 410 1551 Ὠ
427 1495 510 1565 rpa'ye
527 1493 578 1549 τᾶν
599 1493 696 1548 λευκᾶν
720 1493 800 1566 aiyoiv
821 1491 895 1565 ἄνερ.
913 1523 948 1537 ·-
989 1503 1014 1554 9.
1035 1500 1128 1550 Ades

161 1582 212 1639 pro
235 1565 397 1635 imperativo
422 1568 479 1617 acci
501 1568 575 1631 iunt,
597 1566 674 1617 cuiue
697 1568 888 1632 pronunciatio
911 1566 1009 1617 similit
1032 1576 1073 1618 eat
1098 1568 1156 1618 ira

160 1634 223 1688 tivo.
258 1635 403 1688 Terentius
421 1640 469 1702 (An
491 1652 513 1686 r.
533 1642 563 1697 1,
582 1635 629 1694 1.):
652 1636 810 1699 Adesdum,
826 1639 926 1702 paucis
945 1648 969 1686 te
988 1637 1072 1702 volo.]
1116 1634 1156 1685 C

161 1706 218 1758 tili
235 1704 333 1757 salvus
351 1703 492 1769 ethardi,
510 1711 563 1757 ¹aut
580 1705 644 1770 quia
667 1705 697 1756 in
714 1721 798 1773 capro
817 1713 858 1755 est
874 1721 935 1771 spes
953 1705 1137 1771 hoedorum,

156 1771 337 1844 intelligimur
360 1773 443 1826 istum
469 1774 553 1825 etiam
576 1773 679 1824 hoc-dor
701 1773 877 1843 perdidisse„
895 1774 943 1824 aed
966 1775 1088 1826 nescire:
1118 1784 1156 1839 ς

160 1850 255 1896 tamen
279 1842 325 1894 ille
343 1842 419 1910 quati
438 1842 543 1894 divinus
566 1840 676 1892 indicat
712 1842 805 1894 Potert
820 1851 915 1894 tamen
933 1840 1021 1893 etiam
1039 1844 1117 1907 scire,

83 1966 86 1973 .
158 1910 242 1967 larius
266 1911 399 1964 damnum
424 1910 538 1962 maioris
560 1910 794 1981 contemplatione
818 1919 1008 1964 contemnere.
1026 1936 1060 1948 —·
1097 1920 1150 1968 10·

160 1984 188 2033 si
205 1982 274 2049 puid
293 1993 512 2047 cessaremus,
536 1979 558 2029 si
582 1988 658 2048 poter
679 1980 731 2030 tibi
749 1981 791 2032 vel
814 1979 897 2032 breve
915 1982 1002 2031 otium
1019 1979 1156 2050 permade

157 2048 233 2103 Nam
256 2050 377 2117 loquitur
402 2050 436 2102 ad
461 2047 604 2100 homiuem
629 2057 770 2100 amantem
794 2047 904 2100 laboris.
944 2050 1109 2117 [Requirere
1130 2057 1156 2096 st

160 2121 276 2183 urnbro,·
302 2134 413 2169 mecum
436 2117 559 2183 scilicet]
577 2142 612 2154 -
654 2124 696 2174 11.
721 2117 786 2166 Hac
809 2120 868 2184 ipsi
890 2132 987 2185 potum
1011 2121 1115 2169 venient
1137 2129 1156 2181 p

157 2199 239 2255 prata
265 2190 393 2250 iuvenci,·
426 2189 498 2253 ipsi,
522 2186 539 2236 i.
562 2203 593 2251 e.
610 2195 707 2254 sponte
730 2204 786 2238 sna
828 2187 863 2236 Et
886 2188 1080 2255 intelligimus,
1104 2188 1156 2238 ism

156 2265 267 2327 praeter
299 2257 468 2325 capellarum
492 2269 608 2323 gregem
632 2256 760 2307 iuvencos
784 2255 911 2321 habuisse
936 2257 1094 2325 peculiares.
1131 2256 1156 2306 At

157 2332 248 2389 certe,
273 2327 330 2391 ipsi
353 2326 506 2376 reseramus
525 2323 558 2374 od
582 2323 685 2374 hoedos
704 2332 731 2375 et
747 2342 872 2395 caprum.
907 2325 954 2376 Ut:
980 2326 1030 2374 Per
1046 2338 1122 2391 prata
1137 2325 1156 2374 iu

156 2395 245 2445 venei.
265 2421 300 2431 —
335 2400 377 2451 12.
394 2390 559 2461 [Praeterit3
584 2393 735 2459 praelegit,
753 2403 783 2444 ut
801 2397 881 2458 (Aen.
899 2399 930 2455 6,
950 2395 1041 2453 solil:
1064 2392 1156 2445 Nonte

158 2478 220 2514 men
240 2463 320 2512 Anna
348 2464 429 2514 novis
454 2473 610 2526 praetexere
629 2461 739 2529 funera
764 2462 876 2527 sarrin]
919 2462 1063 2524 Minciur3
1085 2463 1156 2513 fluvio

154 2530 341 2597 Intelligamus
366 2531 524 2593 Venetiam,
547 2545 617 2596 quae
641 2538 681 2582 est
703 2531 777 2581 haud
800 2533 882 2597 longe
906 2548 922 2582 a
947 2531 1060 2582 Mincio.
1095 2531 1156 2599 [Qut

155 2598 196 2653 es't
214 2590 324 2652 delicies
342 2605 616 2650 commemoraturus.
650 2598 701 2649 ulii
715 2600 809 2650 dicunt
825 2601 885 2650 lona
902 2601 961 2670 ipsa
978 2614 1060 2665 prata
1077 2604 1156 2650 iuven

154 2669 312 2738 appellari]
334 2697 369 2706 -
415 2674 456 2726 13.
484 2668 559 2735 Eque
584 2683 686 2732 socra3
710 2675 740 2720 et
763 2668 797 2719 de
821 2686 912 2719 sar-ra:
938 2675 968 2733 nt
992 2669 1038 2734 (G.
1055 2673 1089 2732 4,
1106 2674 1156 2726 347.

155 2736 230 2806 Eque
255 2737 317 2801 (cod
335 2739 365 2788 V.
383 2745 411 2788 et
435 2736 526 2787 Guelf.
543 2737 563 2785 Ι.
582 2737 661 2802 aque)
685 2736 754 2788 choo
773 2739 875 2787 densos
893 2739 989 2786 divum
1009 2740 1156 2788 enumerat«

154 2807 242 2871 (codd.
257 2808 289 2858 R.
305 2809 365 2856 Vos.
381 2805 496 2864 numer.)
512 2822 629 2854 ornares.
651 2806 683 2863 ‚1.
698 2823 722 2856 e.
739 2824 756 2858 a
774 2807 851 2858 chao.
887 2806 979 2871 [Sacra
997 2815 1091 2856 autem
1109 2824 1156 2874 que

152 2891 215 2939 cua,
238 2884 286 2926 aut
309 2876 397 2941 ipsam
416 2890 499 2943 quarn
518 2875 572 2924 vnlt
589 2872 719 2938 intelligi,
743 2883 791 2925 ant
815 2877 972 2926 universum
991 2891 1092 2940 genus,
1115 2891 1156 2943 qut

152 2951 182 2997 et
206 2944 274 2994 lovis
299 2953 325 2994 et
350 2945 416 2994 olim
446 2940 582 3005 fatidica]
610 2965 642 2977 -
698 2944 740 2997 14.
764 2943 860 3012 Neque
886 2963 935 3010 ego
960 2945 1107 3009 Alcippen,
1137 2963 1156 2993 m

151 3008 283 3080 Phyllida
303 3012 452 3073 habebam
471 3012 519 3062 hns
537 3012 604 3062 duas
621 3009 804 3076 intelligamus
823 3015 924 3064 amicas
942 3029 1000 3063 esse
1019 3014 1156 3063 cantantur

150 3074 225 3132 Nam
243 3081 295 3132 hoc
314 3080 393 3131 dicit:
412 3082 470 3132 Nec
489 3080 620 3148 Alcippen
638 3078 792 3143 habebam,
812 3091 840 3132 ut
857 3083 915 3133 ille:
933 3099 984 3132 nec
1002 3081 1156 3146 Phyllida,t

150 3149 227 3203 alter.
263 3152 326 3216 [Aut
351 3157 381 3198 nt
400 3148 522 3218 plerique
541 3155 638 3214 putant
655 3164 759 3200 nomen
777 3152 890 3201 villicae,
909 3176 942 3186 -
977 3155 1020 3206 15.
1040 3149 1156 3199 Claudat.

150 3234 256 3285 agnou
282 3233 348 3285 crgo
371 3219 477 3270 varium
502 3233 585 3284 pecus
607 3216 728 3279 habuit]
754 3243 787 3254 -
829 3225 870 3275 16.
895 3219 929 3267 Et
954 3230 1094 3268 certamen
1120 3236 1156 3268 era

150 3286 281 3353 Corydon
300 3303 362 3335 cum
383 3287 535 3352 Thyrside,
555 3301 703 3350 inagnum
722 3285 838 3352 figurate
855 3288 960 3336 locutus
977 3295 1032 3337 est:
1049 3287 1156 3354 Magnut

147 3362 306 3418 certamen,
331 3356 377 3407 ille
395 3373 458 3405 curn
477 3355 523 3404 illo
541 3353 637 3421 [‹·rat]:
662 3370 694 3402 ac
712 3355 734 3403 si
752 3355 841 3405 dicas:
866 3355 970 3421 Magna
987 3358 1126 3406 contentio
1141 3377 1156 3407 a

147 3440 213 3475 cum
237 3423 371 3476 Cicerone
391 3423 527 3490 Virgilius.
564 3423 610 3490 [lit
634 3423 741 3473 videtur
765 3425 964 3472 nominativum
990 3440 1041 3489 pro
1066 3425 1156 3490 genitio

167 3492 282 3542 osuisse.
309 3510 373 3544 unm
398 3492 558 3557 Corydonis
582 3491 656 3541 facit.
681 3519 713 3527 —
760 3499 800 3547 17.
828 3491 996 3548 Poulindai,
1025 3492 1156 3558 postposui

145 3510 211 3612 lieo
230 3563 321 3621 serio,
337 3563 529 3612 necessitatem
547 3560 622 3627 capri
640 3560 811 3626 inquirendi,
827 3561 868 3610 vel
886 3559 1047 3610 hoedorum.
1086 3562 1156 3611 Ludo

146 3629 309 3682 cantilenae.
345 3631 380 3679 Ut
397 3629 465 3695 (va.
488 3635 509 3688 1,
527 3629 575 3685 91:
595 3626 703 3677 erdere
722 3646 794 3693 quoe
812 3631 908 3678 uallem
927 3630 1036 3678 calamo
1057 3633 1154 3694 permis

146 3702 260 3766 agresti.
280 3726 312 3736 -
357 3706 397 3755 18.
416 3698 539 3747 Alternis
565 3699 655 3761 igitur
679 3699 841 3747 contendere
860 3699 989 3746 versibus
1007 3702 1107 3762 amb0,·
1129 3701 1156 3749 ht

145 3776 202 3833 est,
225 3768 299 3836 quod
316 3768 355 3820 ait
371 3783 469 3836 supra:
490 3765 524 3813 Et
544 3767 707 3832 respondere
725 3769 826 3830 parati.
844 3793 877 3802 —
914 3773 955 3821 19.
973 3768 1105 3819 Alternus
1124 3786 1156 3816 rm

146 3856 194 3888 sae
230 3839 392 3887 ›rrnm'nisse
423 3835 570 3894 volumnu-
607 3833 629 3882 si
661 3834 807 3902 [quidam]
839 3834 980 3885 volebant:
1012 3853 1107 3887 sensus
1136 3856 1156 3887 et

146 3907 243 3958 Musae
265 3907 408 3972 utriusque
431 3903 631 3954 meminerant:
655 3911 686 3951 nt
709 3903 780 3967 (Ecl.
798 3911 828 3966 3,
846 3908 920 3961 59.):
947 3905 1049 3952 Amant
1075 3908 1156 3956 alteru

145 3991 304 4026 camoenae.
339 3973 392 4022 Sed
409 3973 492 4022 multi
510 3972 633 4021 colebam
652 3972 762 4038 legunt,
786 3980 816 4020 nt
832 3973 868 4021 sit
884 3971 1012 4038 [sensns]:
1036 3973 1156 4040 Optabar

47 4052 52 4058 ·
145 4058 163 4090 o
177 4043 285 4111 Mune,
301 4042 461 4095 meminisse
478 4041 606 4092 alternos.
641 4039 907 4109 l.e.,0m11iaquae
923 4040 1063 4107 dixerunt,
1080 4052 1156 4097 tener
