2430 4620
150 308 191 351 ns
213 286 373 351 VIRGIL.
395 285 570 357 AENEID·
592 285 673 351 tta.
695 288 754 365 xl,
772 294 972 361 sos-316.
1045 296 1090 361 25

10 491 12 498 ·
53 472 196 527 tumllum
213 488 274 527 este
290 471 383 525 hostili
393 471 521 527 exercitu
537 472 718 537 imminente,
734 479 763 524 et
779 487 831 540 per
848 472 902 524 boc
919 474 1009 543 magis
1026 492 1088 529 sua-

10 558 18 604 jr.
55 542 112 607 det,
126 542 198 595 dum
215 549 275 594 tam
292 544 404 593 infestos
420 543 536 612 probat,
560 551 590 593 nt
606 545 658 594 sibi
676 558 728 592 nec
747 559 843 609 pacem
862 551 958 610 patere
975 546 1088 613 permit·

10 617 16 646 ¹
55 610 142 675 taum]
159 636 198 649 -
232 618 294 669 305.
311 611 420 662 Bellum
439 615 646 679 importunum
669 612 796 680 concepit
820 614 953 677 grandem
978 615 1090 664 iracun-

53 678 141 745 diam,
161 686 193 731 et
214 678 254 729 sic
278 680 307 729 in
332 680 401 731 haec
423 681 508 732 verba
530 681 667 747 prorupit.
707 680 903 745 importunum
926 690 1021 733 autem
1040 689 1089 745 est,

52 746 109 815 [ubi
123 748 236 799 nullum
253 747 394 813 refugium
411 748 483 814 est,]
507 750 581 817 quod
604 756 681 800 caret
704 761 801 813 portu,
823 749 841 799 i.
859 766 883 799 e.
906 750 1016 815 quiete,
1040 751 1089 800 ubi

52 814 139 868 nullos
154 823 254 887 portus
271 824 326 879 est3
350 817 431 883 [siem
453 824 551 868 contra
575 831 774 884 opportunum,
797 833 842 866 cm
859 819 1041 869 commoditas
1059 826 1090 870 et

53 884 158 935 messio
183 884 314 949 obvenit,
336 894 367 947 ut
389 883 505 951 portus]
554 885 627 937 Nam
651 887 703 937 hoo
727 884 931 953 quodammodo
954 886 1035 952 dicit,
1058 888 1089 938 in

52 952 229 1021 naufragium
246 955 337 1005 fertur
353 954 405 1005 ista
421 953 577 1016 contentio;
594 956 658 1023 quia
675 970 757 1023 supra
774 956 916 1019 audierat,
933 955 1089 1020 pericnlum

54 1036 122 1086 ease,
150 1021 241 1073 etiam
266 1038 399 1089 superare
421 1022 573 1084 Troianos;
603 1025 649 1091 [et
674 1031 786 1073 enarrat
814 1039 864 1072 cur
889 1040 1089 1091 errspormnrun,

56 1088 157 1141 diceus:
184 1089 259 1139 Cum
278 1102 357 1157 gente
375 1086 505 1156 deorum,
529 1090 702 1160 invictisque
724 1093 797 1141 viris
819 1094 952 1157 gerimus.
992 1093 1088 1155 Cives3

59 1152 223 1225 laqdvqosn]
259 1159 328 1208 Cum
346 1170 424 1225 gente
442 1160 574 1225 deorum,
600 1162 647 1228 qui
671 1177 687 1210 a
704 1159 755 1209 diis
772 1158 907 1227 originem
926 1161 1036 1211 ducunt.
1053 1188 1089 1199 -

61 1230 114 1283 affl.
128 1228 272 1290 inuictis5
297 1228 373 1295 atqui
389 1244 472 1297 supra
489 1233 532 1293 (9,
549 1231 619 1289 635.)
642 1228 772 1296 legimus:
796 1227 845 1278 Bis
864 1232 938 1294 copti
957 1227 1087 1296 Phryges.

61 1292 105 1345 a'nt
118 1298 241 1347 inuictis
258 1296 320 1347 ideo
337 1296 419 1361 dicit,
435 1298 500 1363 quia
517 1299 651 1363 sequitur:
669 1298 727 1347 Nec
744 1296 807 1346 victi
825 1305 937 1366 possunt
954 1298 1087 1349 absistere

58 1360 132 1415 ferro.
167 1364 219 1433 [Et
235 1364 307 1414 siout
322 1379 405 1432 snpra
421 1365 526 1415 dictum
544 1373 598 1430 est,
621 1366 741 1417 latenter
758 1367 878 1415 occurrit
894 1366 948 1415 illi:
969 1368 1088 1417 forsitan

57 1430 208 1497 vincemus,
230 1447 298 1500 ergo
323 1432 369 1483 liic
392 1432 415 1483 si
438 1433 579 1483 vincamus
602 1432 801 1504 proficiemus]
849 1433 971 1485 Possunt
992 1445 1089 1485 autern

56 1500 203 1567 absistere,
226 1502 301 1552 mire
318 1503 370 1565 ait,
394 1502 464 1552 acsi
483 1502 601 1552 diceret:
627 1504 719 1553 Etiam
742 1502 765 1551 si
783 1501 880 1565 velint,
904 1518 950 1554 eos
967 1521 983 1554 a
1008 1503 1086 1553 bellis

55 1564 192 1621 dbeedne
209 1578 310 1620 natura
326 1585 383 1620 non
396 1569 507 1640 patitur.
544 1570 670 1637 [Enniuss
687 1572 746 1635 Qui
761 1572 849 1620 vincit
863 1589 920 1623 non
935 1582 975 1620 est
989 1574 1088 1637 victor,

57 1640 112 1687 nisi
134 1640 231 1689 viatus
250 1638 370 1705 santur.
407 1640 491 1688 Varro
516 1638 544 1689 et
567 1642 653 1690 ceteri
681 1643 802 1690 invictos
826 1639 921 1689 dicunt
944 1641 1088 1704 'troianos

91 1706 97 1717 ¹
130 1722 185 1775 par
202 1706 317 1757 insidias
335 1708 457 1774 oppressi
474 1714 553 1757 sunt:
571 1707 630 1757 illos
648 1710 724 1759 enim
742 1709 820 1757 vinei
837 1708 977 1757 aliirmnnt
993 1709 1040 1776 qui
1058 1726 1087 1760 se

103 1784 154 1827 unt
175 1773 321 1839 hostibus]
346 1802 379 1812 -
405 1782 482 1841 Ι308.
507 1776 625 1839 Accitis,
651 1779 783 1840 evocatis,
806 1776 947 1826 adiunctis.
993 1778 1086 1844 [Ergo

56 1850 82 1893 et
101 1842 244 1911 gradatim
268 1842 375 1895 accedit
397 1843 433 1893 ad
457 1844 693 1910 desperationem,
718 1861 788 1913 qnae
811 1845 887 1911 cogit
911 1862 1010 1914 pacem
1029 1861 1087 1897 esse

56 1912 229 1981 poscendam.
263 1912 389 1962 Aetolum
407 1914 440 1961 iu
458 1916 563 1978 armis3
589 1930 605 1963 a
621 1914 695 1981 patri
714 1929 796 1979 usque
814 1915 883 1964 adde
900 1914 929 1963 id
946 1914 1088 1964 Diomedis

57 1982 226 2033 mentionem
242 1979 338 2031 intulit
352 1978 369 2013 *“
382 1984 410 2045 (a
428 1982 517 2049 patria
534 1996 620 2049 usque
633 1983 775 2034 Diomedis
789 1998 827 2030 m.
839 1982 872 2044 i.,·
891 1982 986 2032 Bur-m.
1001 1982 1087 2032 cani:

30 2075 33 2082 ·
58 2052 125 2115 dea,
142 2068 161 2099 u
178 2052 293 2117 patrio;
318 2060 344 2098 et
361 2050 422 2099 ideo
441 2049 477 2100 D.
497 2068 530 2099 m.
551 2051 590 2112 i.).
607 2076 639 2087 -
676 2058 737 2107 309.
755 2050 866 2113 Ponite,
885 2048 1035 2116 deponite]
1053 2076 1088 2087 -

52 2116 116 2183 ‚Spes
140 2120 202 2169 sibi
227 2120 363 2185 quisque,-
385 2117 513 2169 subaudis
537 2120 584 2168 sit.
618 2120 664 2187 [Et
687 2120 741 2170 late
764 2127 842 2188 prtet
864 2120 915 2169 ista
941 2121 1086 2184 sententia,

58 2186 93 2237 tel
107 2186 184 2254 quod
201 2186 300 2237 alienis
318 2201 402 2253 egere
420 2187 523 2239 auxiliis
541 2202 597 2237 non
616 2195 755 2255 oporteat,
779 2188 819 2238 vel
836 2188 908 2255 qnod
926 2187 1086 2239 meminisse

57 2254 150 2323 singuli
166 2255 228 2325 spei
244 2271 310 2305 strae
327 2255 460 2319 debeant,
484 2264 515 2305 ut
531 2272 564 2306 ea
588 2264 700 2321 sperent
722 2264 830 2306 tantum
855 2248 952 2323 quibus
976 2264 1088 2323 possunt

58 2321 156 2389 potiri]
190 2323 244 2372 sed
260 2323 327 2372 leaeo
341 2332 406 2383 etc.;
425 2331 455 2373 ut
472 2340 540 2374 amris
560 2324 654 2391 uisque
671 2324 700 2375 in
717 2341 746 2376 se
762 2332 869 2375 tantmn
887 2341 965 2391 spem
979 2324 1088 2390 habeat,

57 2390 188 2471 quamsit
205 2400 321 2459 angusta
345 2392 388 2456 (al.
405 2341 562 2463 angustuml
584 2392 695 2445 videbis.
730 2392 842 2454 Cetero5
866 2393 989 2443 absolute
1008 2393 1087 2444 dixit:

33 2508 37 2517 ,
57 2474 73 2511 t.
93 2478 117 2511 e·
141 2460 294 2524 exercitus,
317 2460 432 2524 auxilia,
455 2461 526 2511 vires
549 2461 675 2530 imperii:
700 2477 767 2528 quns
790 2462 829 2511 sio
847 2463 940 2513 videtis
966 2462 1088 2528 afflictas,

57 2528 115 2595 quid
131 2536 238 2593 restat,
261 2527 315 2578 nisi
339 2536 369 2577 ut
386 2538 484 2597 paoem
508 2532 651 2595 petamus?
668 2556 701 2565 —
736 2536 796 2587 dil·
816 2530 885 2580 Ante
905 2531 1087 2592 aculensem,

58 2612 85 2647 ac
99 2596 122 2647 si
140 2598 263 2661 diceret,
286 2612 342 2647 non
360 2605 444 2665 egent
460 2600 627 2649 narratione.
660 2599 735 2649 Inter
753 2613 851 2648 marius
868 2601 988 2666 [nutem‚
1013 2599 1086 2667 quod

57 2664 171 2731 Graeci]
194 2667 412 2743 npogslporsg-
460 2674 522 2723 312.
547 2664 605 2716 Nec
630 2684 786 2733 quenquam
811 2671 910 2718 incuso
918 2691 928 2731 ,·
952 2668 1086 2719 excusatio

56 2730 120 2785 luec
138 2736 270 2799 ostendit,
286 2734 337 2802 [et]
355 2735 495 2803 obliquam
513 2752 570 2786 esse
587 2735 615 2784 in
631 2736 757 2786 'l'urnnm
775 2738 930 2786 orationem
945 2736 1087 2786 Latini.-

56 2808 111 2859 313.
128 2802 213 2864 Fuit3
230 2804 361 2855 exhausta
378 2812 405 2855 et
421 2811 584 2869 consumpta
600 2812 647 2854 est
683 2803 752 2863 Toto
771 2817 903 2854 certatum
919 2818 959 2854 est
974 2821 1087 2872 corpore

31 2882 36 2894 '
57 2874 149 2937 aguit
170 2873 210 2941 [i.
235 2870 290 2936 e.,]
312 2873 424 2941 imperii
448 2874 576 2922 omnibus
600 2873 701 2923 viribus
726 2872 915 2941 [bellavimus]
940 2900 973 2914 -·
1023 2878 1084 2930 314.

56 2936 165 2990 Dubios
185 2943 289 3000 menti,
313 2958 393 2992 meae
410 2940 514 2991 scilicet
530 2940 670 3007 cogitanti.
688 2968 721 2977 -
762 2949 823 2999 315.
842 2941 956 3008 [Paucis
974 2944 1087 2993 animos

56 3010 178 3060 adnibetc
199 3011 316 3070 docebo3
341 3018 403 3073 aut,
426 3009 518 3078 paucis
536 3010 657 3073 docebo,
674 3017 722 3060 aut
738 3011 844 3061 animos
862 3011 955 3077 paucis
973 3010 1088 3061 adhibe·

56 3080 97 3141 te]
114 3104 148 3114 -
175 3084 249 3141 Ι316.
266 3077 318 3127 Est
334 3080 470 3144 antiquus
488 3085 554 3138 etc.;
579 3077 709 3128 hocloco
727 3079 850 3151 Doneqtus
868 3080 968 3130 erravit
985 3079 1088 3144 dicens,

56 3152 166 3212 agrum,
200 3162 285 3213 quern
309 3145 424 3195 Latinus
448 3146 550 3197 donare
576 3162 605 3197 se
628 3147 761 3212 disponit,
792 3164 850 3198 esse
880 3148 910 3197 in
935 3147 1087 3216 Campania

55 3212 122 3265 iuxta
141 3215 273 3266 Ufentem
290 3213 404 3264 fluvium
423 3215 506 3281 [qnod
525 3214 610 3266 etiam
625 3214 769 3265 Clanarius
787 3214 836 3280 ait]
853 3215 929 3265 cuius
945 3224 1033 3266 terras
1044 3215 1088 3267 'vi-

55 3282 124 3334 cinas
142 3282 228 3332 Tusci
245 3281 392 3348 aliquando
410 3291 572 3334 tenuerunt:
591 3294 620 3332 ut
637 3284 701 3334 inde
718 3284 822 3334 dictum
840 3284 887 3347 sit,
906 3283 997 3334 Tusco
1017 3286 1089 3336 milri

55 3356 202 3415 proximus
221 3354 310 3400 amni.
342 3350 407 3417 Agit
422 3352 506 3403 etiarn
532 3353 585 3413 hoc
609 3362 790 3419 argumento,
815 3351 889 3419 qnod
912 3354 968 3403 illic
987 3362 1027 3404 est
1049 3355 1089 3404 lo·

56 3434 112 3483 sus,
138 3420 187 3487 qui
206 3418 342 3486 hodieque
359 3420 487 3470 Pinetum
505 3426 623 3472 vocatur.
659 3422 711 3472 Sed
728 3430 836 3471 constat
852 3421 913 3471 loca
929 3421 977 3471 illa
996 3423 1090 3476 omnia

57 3502 108 3540 esse
125 3487 308 3556 campestria:
333 3505 385 3539 nec
408 3489 548 3554 procedit,
572 3489 645 3557 quod
668 3489 782 3540 dicitur:
808 3489 883 3539 Celsi
900 3491 986 3558 plaga
1003 3495 1088 3557 pinea

58 3560 162 3607 montis.
207 3556 285 3607 Unde
308 3557 447 3625 sequenda
470 3566 511 3609 est
536 3559 624 3626 potius
648 3558 735 3622 Livii,
766 3557 896 3611 Sisennae
921 3568 951 3610 et
977 3561 1089 3612 Catonis

58 3628 209 3677 auctoritas.
249 3624 327 3676 Nam'
347 3642 436 3695 paene
462 3626 515 3692 (al.
540 3625 660 3694 Nempe)
686 3642 781 3677 onmes
806 3627 934 3694 antiquae
959 3630 1090 3682 historiae

58 3694 200 3762 scriptores
220 3692 250 3743 in
275 3692 328 3743 hoc
354 3695 535 3744 consentiunt
580 3696 648 3747 Cato
673 3696 749 3747 enim
774 3697 803 3747 iu
828 3696 989 3762 Originibus
1014 3698 1089 3762 dicit,

60 3758 188 3812 'l'roianos
206 3779 222 3813 a
241 3761 342 3813 Latino
361 3763 496 3829 accepisse
515 3778 629 3830 agrum,
653 3764 700 3832 qui
725 3773 767 3815 est
783 3765 856 3815 inter
874 3765 1046 3817 Laurentum
1064 3774 1092 3817 et

64 3842 143 3880 castra
160 3830 311 3891 Troiana„
328 3830 379 3880 Hic
403 3831 488 3881 etiarn
512 3833 628 3883 modum
653 3833 712 3900 agri
730 3842 948 3898 commemorat,
973 3843 1000 3886 et
1017 3834 1091 3896 dicit,

66 3911 119 3945 emn
135 3899 265 3950 babuisse
283 3898 380 3975 iugera
393 3901 473 3951 DCC.
491 3900 578 3965 (codd.
591 3903 644 3952 duo
663 3901 750 3952 millia
767 3903 951 3970 septingerna3
969 3903 1088 3952 Camil.

67 3958 122 4027 t'sd3
143 3962 238 4019 Guell'.
257 3968 291 4018 ll.
311 3985 325 4015 u
343 3966 397 4016 Du*
417 3966 435 4016 si
452 3969 538 4031 dum.)
573 3972 655 4036 [Sane
672 3973 826 4037 antiquus,
844 3978 934 4036 potest
951 3979 978 4019 ct
994 3970 1092 4020 nobilis

69 4034 150 4103 recipi,
166 4034 211 4089 vel
227 4036 380 4088 secundum
393 4036 558 4089 Trebatimn
569 4039 617 4107 qui
630 4039 664 4107 de
678 4037 869 4107 Religionibus
885 4038 957 4090 libro
974 4039 1092 4106 septimo
