2430 4620
932 190 937 219 l

212 277 248 328 a
274 264 427 330 nucu
450 264 609 328 cuono.
629 267 663 343 1,
685 220 907 367 rso-prs„
1002 277 1069 345 ros

21 464 106 520 supra
120 449 212 537 (¹138.)
228 402 399 504 dictumoet.
433 451 575 532 Cynosura
587 449 661 520 quod
677 450 797 531 caudam
810 453 939 507 caninam
955 420 1067 536 bibent,

21 518 96 570 banc
114 519 267 571 Foenrccm
283 526 430 572 vocitatam
447 520 561 587 quidam
578 522 686 587 ierunt,
709 521 816 574 Dianae
823 536 914 712 ff

906 523 972 577 'tem
1007 542 1090 579 rra-1

23 603 74 656 que
93 589 173 653 eius,
235 587 270 640 od
292 587 404 656 gravida
421 596 491 640 esset
513 588 640 654 inventa,
663 590 695 642 in
717 606 821 643 ursum¹
916 562 1064 663 mabam,
1144 586 1148 625 ¹

22 665 105 725 etque
131 656 192 707 eius
213 673 258 708 em
280 673 375 708 rursus
398 657 589 710 misericordia
605 656 740 710 sideribus
762 659 823 712 inse
868 670 907 710 m.
941 660 1062 731 Quidam

22 724 174 793 prodidere
197 725 248 777 bas
269 725 405 793 nymphas
429 726 513 778 fuisse
538 727 697 791 Cretenses,
720 728 789 779 Iovis
811 728 949 795 nutrices,
973 738 1002 782 et
1023 731 1060 786 ob
1180 752 1184 759 ·

22 794 159 847 ueritum
184 802 373 859 consecratas,
396 811 467 863 quae
491 795 554 846 ideo
578 811 635 847 non
654 793 798 862 occidunt,
823 797 887 865 quia
910 800 1062 854 secundum

21 864 104 915 clima
130 863 222 913 nostri
245 863 316 914 coeli
337 866 452 915 Arctous
476 864 609 928 circtdus,
637 864 666 915 in
691 880 746 932 quo
777 868 861 917 cardo
884 868 1063 950 convertitur,

22 931 96 984 infra
113 931 292 983 horizontem
309 947 367 984 non
384 932 466 983 v'enit
501 932 573 984 Nam
598 933 705 1001 reliqua
728 933 807 1002 signa
830 934 966 991 dicuntur·
983 951 1063 991 cmm

20 1002 121 1067 (Heius.
141 1000 252 1061 omnia)
268 1009 350 1053 nocte
366 998 396 1052 in
414 999 527 1052 Oceano
544 1001 622 1071 tingi.
639 1027 672 1038 -
707 1007 769 1059 247.
788 1002 872 1067 Illic5
889 1003 917 1054 in
935 1004 1064 1072 Australi,

20 1069 35 1121 i.
52 1086 77 1121 e.
95 1068 219 1119 obscuro
243 1086 301 1123 are.
334 1067 453 1134 Scilicet]
475 1071 581 1139 poetae.
616 1069 691 1122 Nam
712 1071 742 1121 in
765 1071 848 1122 rebus
865 1071 956 1123 dubiis
979 1089 1061 1128 suam

21 1136 142 1205 denegat
166 1136 260 1190 fidem.
301 1137 487 1206 Intempesto;
511 1137 694 1206 [inactuosa],
724 1138 795 1204 alta,
817 1137 938 1208 [densa],
961 1157 1062 1210 ¹crosso,

21 1207 115 1274 qualis
132 1213 177 1260 est
199 1205 376 1274 intempesta.
415 1206 497 1259 Posse
520 1213 616 1258 autem
638 1207 692 1258 hoc
724 1207 785 1261 lieri
813 1209 843 1260 in
864 1209 958 1277 aliqua
980 1218 1062 1280 parta

20 1275 135 1339 mundi,
154 1283 186 1325 ut
203 1291 293 1345 paene
309 1275 362 1326 sibi
377 1281 469 1326 totum
485 1274 605 1327 vindicet
621 1291 682 1340 nox,
699 1275 801 1343 probat
813 1277 970 1329 Britannia:
988 1275 1071 1347 q'une⁴¹

18 1343 89 1395 lucis
104 1342 198 1410 dives,
221 1344 262 1395 vix
279 1344 418 1412 quoddam
433 1345 555 1425 spatium
579 1344 706 1396 noctibus
729 1343 809 1396 cedit
843 1347 907 1414 [Aut
923 1349 1059 1414 intempe.

18 1425 65 1464 sta
86 1412 171 1476 silet,
195 1413 260 1479 quia
276 1412 407 1482 Epicurei
427 1412 525 1464 dicunt
550 1428 606 1463 non
628 1413 671 1465 ire
688 1412 782 1464 Solem
802 1424 857 1481 per
874 1414 993 1468 alterum
1010 1417 1061 1471 he·
1125 1444 1128 1465 t
1155 1470 1160 1483 ⁸

14 1481 244 1552 misphaerium,
269 1482 316 1533 sed
333 1497 445 1547 semper
468 1480 513 1532 his
528 1481 564 1532 ab
589 1490 653 1533 ortu
668 1482 760 1550 colligi
783 1482 924 1534 scintillas„
948 1493 976 1537 et
998 1485 1063 1540 fieri

12 1551 121 1602 orbem
139 1549 213 1600 solis.
230 1577 264 1587 ·-
298 1553 361 1607 248·
380 1550 518 1613 obtenta,-
542 1549 670 1602 obducta.
702 1551 740 1601 Et
758 1552 867 1615 obtenta
883 1553 955 1604 sicut
970 1562 1061 1607 osten·

10 1626 57 1685 ta,
78 1619 119 1670 ab
138 1633 174 1670 eo
192 1618 282 1682 enirn,
298 1619 373 1686 quod
390 1626 430 1671 est
448 1620 591 1682 ostendor,
607 1627 712 1670 veteres
728 1621 907 1688 participium
926 1634 1061 1690 ostentus,
1192 1672 1195 1677 ⁴

10 1705 72 1740 non
94 1700 230 1740 ostensus
247 1686 390 1750 dicebant3
411 1687 471 1755 ipse
488 1687 553 1738 alibi
578 1689 620 1752 (A.
635 1693 670 1752 6,
685 1691 753 1748 60.):
777 1701 974 1757 praetentaque
991 1686 1060 1759 δὴ.
1149 1684 1153 1689 ’

10 1760 98 1809 tibus
116 1773 199 1807 arun.
233 1756 381 1807 Terentius
397 1756 427 1807 in
444 1756 579 1808 Eunucho
598 1759 643 1822 (3,
659 1760 691 1818 5,
709 1757 776 1817 §7.):
800 1759 844 1807 An
862 1776 913 1826 ego
932 1763 1060 1812 occasio-a

10 1843 80 1877 nem
103 1823 181 1875 mibi
197 1835 363 1876 ostentatam
380 1836 436 1875 tom
456 1827 571 1876 brevem.
605 1823 738 1876 Similiter
756 1832 784 1876 et
805 1826 873 1878 illud
889 1830 918 1878 iu
935 1828 1061 1879 Formio-

10 1911 46 1948 ne
68 1899 118 1959 (5,
136 1897 173 1957 4,
188 1892 239 1955 7.);
263 1893 358 1959 Neque
376 1910 418 1943 ms
436 1910 513 1943 nnnc
531 1894 643 1944 domum
664 1894 826 1959 reciperem,
850 1899 882 1945 ni
900 1896 972 1947 mibi
989 1910 1061 1949 esset

10 1982 79 2031 spes
98 1973 240 2014 ostentata
255 1960 373 2015 huiusce
387 1961 539 2012 habendae.
553 1987 587 1999 ·-
621 1964 683 2018 249.
696 1960 781 2012 Redit
798 1981 815 2012 a
835 1965 932 2026 nolis3
948 1966 967 2017 i.
984 1983 1008 2018 e.
1024 1966 1074 2020 ad.

10 2033 93 2095 illos,
119 2039 151 2083 et
173 2030 227 2082 hoc
250 2031 400 2082 secundum
418 2029 537 2095 Stoicos,
562 2031 610 2099 qui
634 2028 729 2080 dicunt
745 2030 836 2082 Solem
861 2032 981 2085 vicissim
1028 2052 1060 2088 er

10 2111 176 2168 utrumque
200 2099 436 2169 hemisphaerium
459 2099 516 2164 ire,
533 2105 561 2150 et
577 2097 690 2149 alternis
712 2107 826 2150 noctem
847 2101 950 2154 facere.
1011 2120 1061 2155 era
1082 2130 1085 2135 ·

24 2185 63 2221 ro
92 2182 177 2233 sero,
204 2175 235 2218 ut
258 2167 408 2235 Serumque
434 2167 509 2220 dedit
530 2183 581 2238 per
604 2165 732 2219 membra
755 2168 885 2236 quietem.
926 2170 1060 2233 Accendit

10 2186 135 2290 iumine
162 2253 273 2301 vesper;
298 2235 371 2288 bene
395 2237 522 2289 accendit
544 2236 648 2287 lumina
667 2251 762 2304 vesper
769 2274 776 2301 ,
790 2238 923 2305 poetice,
947 2247 979 2290 ut
999 2240 1061 2308 ipre

10 2323 117 2378 vesper
136 2307 284 2372 accendat,
307 2320 364 2357 non
381 2305 523 2370 homines,
549 2311 578 2357 et
593 2319 675 2373 saepe
691 2304 744 2355 bec
766 2303 856 2374 figura
872 2307 974 2359 utitur:
998 2309 1060 2362 Iam

10 2375 122 2428 laloem
141 2374 253 2426 arbusta
270 2381 417 2444 reponunt.
452 2373 590 2440 Diamque
609 2369 731 2436 teduciu-
756 2381 787 2435 ut
810 2375 921 2443 quando
945 2376 1062 2431 discedit

10 2443 137 2497 anobis
177 2451 205 2495 et
222 2442 280 2494 dies
296 2442 445 2495 clauditur:
471 2450 537 2494 tunc
560 2441 616 2492 illic
632 2443 667 2492 sit
684 2444 799 2495 umora}
817 2467 850 2488 ’-
884 2447 1060 2525 250.'Afjla-
1104 2464 1109 2479 ·

10 2516 55 2566 vit
83 2511 216 2576 anhelis5
240 2528 323 2563 cursu
345 2511 544 2573 anhelantibus.
560 2536 595 2546 -
628 2515 691 2567 251.
707 2509 774 2563 Sero
792 2526 845 2580 pro
863 2529 940 2578 sero,
962 2524 994 2568 ut
1018 2517 1060 2570 (Δ.

10 2588 46 2648 8,
66 2580 143 2645 30.):
167 2580 319 2648 Serumque
338 2580 413 2631 dedit
436 2597 486 2649 per
502 2577 632 2630 membre
649 2579 780 2644 quietem.
815 2580 865 2632 Vel
881 2599 961 2646 sera,
984 2584 1061 2637 nocti

10 2651 118 2702 vicina.
153 2649 229 2701 Beue
253 2649 364 2700 accend.
381 2648 486 2699 lumina
508 2663 596 2716 vesp„
619 2647 743 2716 poetice,
765 2654 797 2699 ut
819 2647 879 2716 ipse
902 2666 998 2720 vesper
1015 2669 1062 2704 ac-

12 2718 131 2783 cendat,
148 2733 205 2769 non
222 2717 358 2782 homines,
374 2724 402 2767 et
418 2733 500 2784 saepe
517 2715 569 2768 hac
586 2715 676 2784 figura
692 2717 779 2768 utitur
796 2717 909 2786 (Georg.
925 2727 951 2783 2,
968 2719 1058 2782 416.):

12 2788 79 2840 Iam
98 2785 201 2838 falcem
218 2787 331 2839 arbusta
347 2793 494 2852 reponunt.
533 2782 650 2852 Verbum
675 2784 767 2847 stella,
785 2802 856 2853 quae
875 2795 903 2838 et
919 2787 1009 2839 Venus
1027 2796 1058 2841 et

12 2855 136 2907 Lucifer
165 2855 275 2906 dicitur.
324 2854 397 2906 Nam
422 2855 524 2924 Vesper
558 2868 591 2905 eo
615 2852 689 2921 quod
720 2853 885 2923 quibusdam
914 2856 1057 2908 mensibus

11 2939 150 2995 vespere:
172 2923 286 2976 Lucifer
303 2930 397 2974 autern
415 2920 530 2986 dicitur,
553 2923 627 2990 quod
644 2919 808 2989 quibusdam
829 2939 913 2975 mane
932 2921 1058 2991 orietur]

13 3021 52 3032 -
91 3000 155 3050 252.
171 2991 249 3043 Hinc
267 3003 455 3058 tempestates,·
476 2991 495 3042 i.
512 3009 536 3042 e.
555 3008 587 3042 ex
611 2990 680 3058 [bac
698 3003 795 3056 causa,
818 3008 849 3043 ex
867 2991 930 3058 hac]
947 2992 1056 3046 ratione

14 3061 193 3128 astrologiae.
228 3061 286 3129 [Er
309 3061 362 3112 hac
378 3068 539 3129 temporum
555 3058 670 3111 scientia
686 3059 730 3111 vel
750 3060 873 3111 'siderum
892 3061 1059 3114 observatio·

14 3148 62 3182 ne.
99 3129 137 3180 Et
153 3130 206 3181 hoc
223 3137 319 3180 contre
336 3129 501 3198 Epicureos,
518 3126 567 3195 qui
582 3126 678 3179 dicunt
695 3143 823 3180 acervum
840 3130 981 3182 stellarum
997 3129 1057 3185 sina

16 3214 105 3250 causa
129 3196 217 3262 esse]
255 3198 292 3248 Et
313 3198 371 3249 iam
393 3195 532 3248 conclusio
555 3204 612 3248 est:
634 3195 707 3247 Nam
730 3196 783 3247 hoc
808 3197 888 3263 dicit,
911 3198 974 3250 Non
997 3199 1057 3252 sine

15 3283 103 3320 causa
126 3267 270 3319 intuemur
294 3266 416 3318 siderum
441 3273 517 3315 ortus
531 3274 570 3333 ,et
593 3279 716 3314 occasus:
741 3264 806 3316 hinc
830 3267 908 3319 enim
932 3267 1058 3321 :nivern

15 3343 179 3388 noscuntur.
221 3334 319 3386 Dubio
345 3337 437 3397 coelo,-
460 3332 478 3383 i.
504 3351 543 3398 e.,
573 3333 659 3385 etiam
681 3331 764 3384 dubio
787 3335 879 3386 coelo:
908 3336 962 3403 [Et
984 3335 1056 3388 bens

18 3405 125 3469 dubio,
144 3420 211 3455 nam
228 3404 305 3456 idem
323 3403 390 3454 alibi
407 3401 477 3452 coeli
495 3401 625 3453 fraudem
641 3401 716 3464 dixit,
732 3402 807 3470 quod
823 3420 898 3455 uunc
916 3420 1058 3472 prospera,

16 3489 96 3525 nunc
120 3472 234 3525 adversa
258 3473 369 3540 ingerit.
403 3470 580 3534 Praedicta,-
605 3469 773 3538 praevidere.
790 3499 826 3510 -
859 3479 922 3530 253.
939 3473 1057 3524 Marsis⁴

20 3559 74 3609 que
93 3542 186 3605 dism,·
212 3557 261 3607 pro
278 3549 412 3608 tempore
422 3539 441 3591 i.
459 3557 481 3590 e.
501 3539 611 3606 quando
628 3539 663 3589 sit
685 3540 809 3592 metendi
832 3548 939 3609 tempus
957 3557 1057 3611 oppor-

17 3618 129 3661 tunum.
173 3609 347 3677 Tempusqne
371 3609 483 3659 serendi
491 3626 499 3671 ς
528 3607 546 3660 i.
571 3626 594 3658 e.
620 3608 803 3660 auctumnale.
843 3610 986 3679 infidum,
1011 3608 1057 3658 cul

16 3678 111 3730 nullus
136 3687 241 3746 potest,
264 3688 310 3730 aut
335 3677 417 3730 debet
441 3677 619 3728 committere
643 3675 735 3728 iidem.
776 3678 849 3728 Nam
872 3678 963 3728 subito
987 3676 1057 3729 fallit

16 3746 176 3799 bominem,
210 3747 355 3813 Marmor;
373 3763 512 3798 mare-
546 3751 609 3805 255·
626 3743 750 3813 Quando
774 3759 900 3799 armatas
925 3747 1059 3797 deducere

42 3941 98 3989 2⁵2)
128 3940 154 3978 G.
170 3939 218 3979 sue.
233 3939 302 3983 meto,
318 3939 379 3978 etism
394 3938 450 3978 dubii
465 3941 538 3980 erimus
552 3941 615 3985 coeli,
631 3942 674 3980 sive
688 3941 768 3991 quenda
783 3940 866 3980 dubium
880 3939 957 3980 ausum
971 3939 993 3979 'ur
1006 3945 1060 3979 tc·-

103 3997 217 4048 penatibus
231 4003 253 4035 et
265 3992 378 4052 serenitatis
392 3997 490 4039 iudicitur
504 3998 624 4042 ffisssrmtur
637 3999 675 4039 tne
689 3998 773 4039 reliana.

69 4130 129 4202 H»
816 4126 853 4181 14
