2430 4620
124 280 144 292 -’
267 265 330 335 ιο
354 262 445 326 sci.
469 271 506 338 ο,
533 270 584 332 ro.
609 293 651 308 -
676 267 714 335 e.
736 270 789 332 st.
965 228 1086 365 ἰοο,

90 450 191 516 quitur
207 449 262 501 hoc
279 449 419 518 epicedio,
442 448 486 500 cui
511 449 596 501 etiarn
619 446 699 499 conlo
740 447 765 502 'e
782 451 907 501 ereditur
923 468 973 503 uec
992 470 1050 507 nott

90 521 228 570 sermonis
249 518 409 588 inpendere.
442 515 556 568 Duobus
579 525 674 569 tamen
699 517 704 529 '
730 517 749 568 's
765 518 914 585 pastoralia
934 523 1057 577 nomine

89 587 138 654 git.
172 586 294 639 Silenum
317 602 383 636 vero
400 584 498 637 Sirone
521 585 717 656 philosophum
735 588 877 656 intelligit.
910 589 984 640 Nam
1004 594 1048 645 Si.
1081 586 1084 591 ’

103 662 133 706 et
146 650 282 724 Vergilius
299 654 409 706 audivit
442 655 493 704 Hic
510 663 604 706 temen
621 655 700 706 Siron
718 656 861 726 epicureus
877 659 1002 712 truditur.
1019 702 1049 717 ..
1097 691 1101 701 ·

89 722 141 776 {cl
160 733 191 789 7,
208 735 252 780 ¹22.
276 722 367 790 Quale
392 739 451 777 meo
477 722 583 783 Codr03
607 722 733 775 Codrum
754 725 878 794 plerique
895 727 1048 796 Vergilium

92 792 168 854 iunt,
185 792 231 843 alii
249 791 446 855 Cornificium,
473 791 598 844 nonnulli
613 791 750 844 Helvium.
784 794 863 863 Qud
880 812 892 844 s
909 834 916 846 .
934 834 940 847 .
959 835 966 848 .
983 801 1049 854 Ciu.

95 869 208 927 putant,
234 861 267 912 de
286 876 339 927 quo
359 860 430 911 bene
447 862 536 911 sentit.
571 861 702 912 Similiter
720 869 814 914 autem
832 863 905 930 hunc
924 865 1049 922 Cudmm

89 929 164 993 legiis
189 929 297 996 Valgius
320 929 425 980 honore
450 940 475 979 ct
498 929 579 980 leudo
597 968 604 981 .
622 967 629 980 .
647 965 654 980 .
673 929 826 995 Cornificn')
849 941 970 999 appetat.
1012 938 1048 990 Et

89 1014 135 1050 sm
157 997 188 1049 in
211 999 306 1067 ecloga
331 997 478 1064 (elegial)
502 997 536 1049 de
562 1013 595 1048 eo
613 997 652 1047 ait
669 1034 677 1048 .
693 1033 700 1046 .
719 1017 741 1050 .:
768 999 816 1050 tue
833 1003 908 1052 carsit
944 1004 1000 1056 usli
1017 1016 1048 1059 tu
1123 1042 1126 1047 .

89 1083 157 1119 ece
175 1104 182 1118 .
199 1103 231 1119 ..
266 1065 554 1130 .,.soletnumeros
572 1067 679 1130 dicere,
702 1066 806 1130 Cinna,
829 1076 899 1120 tuos.
931 1108 934 1113 .
960 1074 1048 1129 uicim-

89 1130 223 1204 urtquer'u=
240 1134 314 1206 pylio
329 1134 494 1205 profituerit
519 1150 568 1186 ore
585 1134 708 1192 Nestoris
725 1171 731 1184 .
750 1173 756 1187 .
775 1145 845 1187 ‚eut
861 1174 869 1190 .
886 1175 893 1189 .
911 1178 918 1191 .
937 1151 1051 1209 pectore

97 1244 105 1259 .
127 1240 233 1256 .....
250 1203 339 1255 credis
357 1203 451 1269 mihi.
469 1244 475 1254 .
493 1200 508 1256 .'
537 1203 655 1257 Noctem
672 1218 727 1254 non
744 1203 865 1255 hilarum
881 1217 999 1274 posset.
1016 1250 1049 1269 ..

88 1273 148 1325 {eris
165 1273 196 1323 in
212 1308 220 1323 .
233 1310 244 1327 ,.
262 1309 269 1322 .
291 1279 425 1340 quantuni
440 1271 462 1323 si
474 1273 584 1339 gurgite
596 1270 692 1322 tautae
705 1271 830 1337 (ν’ᾳαοαι)
842 1274 954 1329 Crisia!
966 1297 1050 1348 quae·

88 1343 189 1393 :umine
203 1342 330 1392 castaliae
347 1379 355 1393 .
372 1377 384 1407 .,
399 1379 404 1391 .
423 1341 470 1408 qui
482 1340 658 1408 accipiendus
670 1348 711 1392 est
725 1336 851 1409 φοοικοῖσρ
861 1370 896 1382 -
929 1350 974 1403 24.
990 1347 1048 1400 Hie

91 1424 120 1460 ια
140 1422 204 1471 etex,
228 1417 342 1477 arguta,
366 1426 481 1471 sonora,
504 1417 535 1461 ut
553 1420 593 1459 est
610 1411 651 1474 (A.
668 1416 685 1464 7
693 1447 701 1474 ,
719 1411 786 1474 14.):
808 1416 912 1476 Arguto
935 1432 1049 1483 percur.

94 1479 205 1548 pectine
223 1480 369 1538 telaru.-
403 1483 446 1536 30.
469 1477 582 1528 Vivucis
602 1494 709 1529 cornua
728 1483 816 1543 cervi,·
844 1478 964 1550 illinet,-
989 1503 1047 1541 nou
1083 1496 1091 1507 '

88 1571 92 1599 ι
108 1547 226 1599 addidit:
249 1554 296 1598 aut
313 1547 481 1598 consecravit
497 1554 546 1597 aut
562 1548 667 1618 posuit,
688 1547 758 1598 sicut
779 1548 836 1600 illic
848 1554 893 1616 ’(Α.
912 1559 943 1615 3,
958 1557 1049 1618 288.):

91 1635 120 1669 as
144 1617 215 1668 haec
237 1616 272 1668 de
296 1615 398 1666 Danais
422 1614 569 1667 victoribus
593 1632 683 1683 arma,
717 1617 859 1670 'Homerus
883 1618 1048 1690 (Hesiodus)

91 1682 189 1740 Ἐννέα
203 1685 261 1753 ”plu
286 1681 348 1747 ζώει
373 1681 463 1753 yevecis
486 1680 619 1751 λακέρυζα
644 1681 750 1751 κορώνη
768 1680 891 1753 Ἀνδρῶν
908 1686 1047 1759 ἡβώντων,

88 1772 113 1808 ιι
132 1751 161 1809 tt
178 1774 208 1808 ιε
225 1751 435 1821 τετρακόρωνος·
462 1756 539 1822 Τρεῖς
563 1748 703 1819 δ’ἒλοῖφοοι
726 1749 744 1805 o‘
765 1752 851 1821 κόραξ
874 1756 1047 1828 γηράσκεται·

88 1845 103 1896 ρ
130 1847 145 1878 ο
172 1823 262 1891 cotue}
292 1830 381 1883 Evtea
403 1840 466 1876 τους
489 1837 615 1891 sopanus·
639 1819 703 1875 δέκα
721 1818 822 1892 δ’ἤμιῒι
845 1824 907 1880 soit
925 1834 1047 1896 polsatus

87 1915 134 1964 pat
158 1890 328 1961 ι’ἱῐπλῦκαμοι
351 1888 446 1962 κοῦραι
461 1888 526 1948 Attis
548 1888 688 1962 αἰγιόχοιο.
713 1894 758 1958 (cl.
775 1894 842 1946 Plin.
859 1897 928 1948 Hist
943 1899 1005 1954 Nat.
1022 1911 1049 1967 7,

87 1992 118 2002 -
156 1973 200 2021 33.
218 1963 318 2013 Sinum
338 1963 437 2023 lactis,
459 1958 553 2032 Asper.
587 1961 684 2012 Sinum
707 1969 750 2013 est
772 1979 816 2013 ves
841 1964 993 2032 vinarium,
1017 1979 1049 2021 ut

87 2050 112 2083 ὀ
130 2032 282 2099 significet,
306 2047 378 2095 non,
401 2037 439 2088 ut(
454 2031 582 2098 quidem,
605 2030 759 2082 lactarium.
793 2031 902 2084 Plautus
925 2035 954 2086 iri
979 2038 1048 2087 Cur.

87 2120 119 2155 ue
137 2107 182 2169 (1,
200 2106 231 2164 1,
248 2088 319 2162 75.):
337 2100 429 2161 Cedo,
446 2116 545 2166 puere,
562 2100 671 2151 sinum..
696 2099 732 2149 Et
746 2104 940 2168 respondetur:
965 2104 1049 2172 Quasi

87 2185 197 2240 ,gynatn
215 2169 289 2221 dicas
311 2168 341 2218 in
359 2185 413 2236 qus
430 2168 530 2229 Chium
555 2168 648 2219 vinum
672 2168 740 2219 solet
762 2186 829 2223 csse.
864 2171 960 2222 Sinum
979 2191 1047 2239 ergo

87 2239 199 2293 rotulum
217 2276 223 2290 .
241 2276 247 2288 .
265 2274 274 2290 .
290 2255 306 2289 e
332 2237 406 2289 sinus
423 2237 579 2288 vocitatum.
596 2300 597 2305 Ἰ
614 2235 776 2288 Hic-autem
794 2237 884 2291 sinum
907 2240 985 2293 lactis
1001 2259 1048 2295 vas

87 2346 205 2398 :umque
221 2331 293 2382 lacte
311 2337 450 2381 onustum·
481 2331 569 2382 Varro
584 2326 618 2381 de
632 2328 686 2382 vita
704 2314 767 2382 lli.
785 2329 898 2399 (Populi
910 2331 1048 2399 Romane]
1138 2350 1141 2355 ·

87 2419 107 2453 .:
125 2399 273 2465 Lepestam
292 2417 343 2449 vas
361 2399 493 2452 dicebant
508 2395 557 2450 ubi
573 2406 634 2449 eret
648 2399 742 2450 vinum
760 2399 790 2450 iu
807 2417 902 2453 mense
919 2404 1050 2471 positum,
1138 2410 1140 2415 '

87 2468 217 2535 :alenium
233 2475 281 2519 eut
298 2468 397 2519 sinum.
425 2462 499 2518 “sris
518 2466 595 2518 enim
612 2467 682 2520 hoec
700 2468 799 2518 similia
817 2477 895 2534 sunt,
917 2487 970 2538 pro
988 2474 1049 2539 qui·

86 2555 162 2590 nunc
186 2536 367 2604 acratosorou
392 2537 511 2605 ponitur.
546 2538 608 2586 Ana
629 2537 659 2588 in
676 2535 901 2651 Mefftrensibus:
924 2539 1049 2608 „Nempe

86 2607 161 2658 tinus
179 2607 252 2671 apud
269 2620 411 2668 mensam,
438 2605 485 2655 ubi
503 2619 597 2654 sermo
614 2605 683 2656 solet
700 2621 730 2653 su
742 2605 820 2655 »oriri
835 2606 999 2658 seditiosus”
1015 2636 1050 2648 -·

86 2674 181 2726 lerino
201 2673 319 2725 Galatea
338 2690 455 2736 ...ru‚
479 2673 619 2725 oeeonine.
653 2673 769 2724 Galatea
785 2674 871 2724 Nerei
893 2674 949 2726 filia
967 2694 982 2726 a
999 2679 1051 2728 Po·

86 2760 141 2795 =mo
168 2743 280 2811 cyclopo
307 2742 453 2808 (cyclope)
478 2741 605 2793 adamate
623 2741 786 2808 conplexum
809 2742 868 2794 eius
891 2744 995 2811 evitant
1017 2751 1049 2798 in

86 2839 88 2860 ε
114 2830 143 2864 se
168 2811 333 2879 praecipitet
349 2845 356 2860 .
374 2847 405 2860 ..
446 2809 500 2860 Alii
518 2811 630 2862 Corneli
656 2809 807 2881 epitheton,
846 2810 922 2862 Dicit
945 2813 1049 2869 Nerine

86 2881 239 2942 ecla)raret
255 2878 391 2945 (sicunam
410 2895 466 2930 esse
484 2877 629 2945 Galutenrn
631 2914 987 2931 ...............

86 2950 139 3002 {cll
157 2954 189 3012 8,
213 2954 256 3004 21.
291 2947 383 3012 Incipe
407 2946 473 3006 6th
496 2949 675 3014 antiquorum
698 2961 779 2998 more
801 2946 1049 3009 hanc'clausulum

100 3017 212 3088 epodon
238 3016 339 3084 repetit
376 3015 556 3066 Theocritum
574 3020 618 3082 (t,
634 3017 689 3077 64.)
707 3014 827 3072 secutus:
844 3009 963 3082 ”Aones
980 3024 1049 3088 βου.

86 3084 118 3139 ι’ίο
136 3083 235 3154 μοῦσαι
254 3083 331 3152 φίλαι
348 3077 439 3150 iipxer’
456 3078 558 3137 οἷοιὸοἷο.
577 3109 610 3152 ὲ-
645 3093 690 3141 22.
707 3084 860 3134 Maenalus
878 3095 943 3146 etc.;
967 3090 1049 3140 mene

86 3158 153 3208 liae.
191 3158 327 3221 Argutum
348 3171 446 3204 nemus
464 3190 471 3204 .
489 3190 496 3205 .
514 3191 520 3205 .
539 3160 570 3202 ut
584 3152 655 3217 illud,
668 3153 709 3219 (Α
727 3161 759 3217 7,
778 3153 844 3213 14.);
862 3158 968 3222 Arguto
987 3175 1049 3224 per·

85 3242 124 3276 ins
143 3225 253 3294 pectine
269 3223 345 3275 telas.
362 3249 397 3261 -
430 3227 473 3279 29.
499 3221 635 3287 (Mopsae);
653 3260 660 3272 .
677 3258 684 3272 .
701 3257 708 3272 .
726 3238 741 3270 c
760 3258 767 3272 .
784 3259 791 3272 .
811 3258 817 3272 .
841 3224 939 3289 uelde
964 3227 1049 3277 mori·

85 3293 231 3345 nonnullas
254 3293 347 3358 culpas
364 3328 370 3342 .
387 3329 394 3342 .
411 3328 419 3342 .
436 3290 560 3354 (subitas
585 3290 735 3359 pleraeque
759 3296 795 3360 ip
812 3327 819 3340 .
839 3328 846 3342 .
864 3328 871 3342 .
889 3292 918 3344 in
935 3296 1048 3346 reatum

86 3381 121 3414 ae
148 3363 210 3411 sint.
245 3361 282 3409 Et
305 3358 364 3424 (uit)
389 3359 462 3426 quod
486 3357 587 3409 mulier
607 3357 636 3410 iu
660 3358 770 3427 publico
794 3359 917 3410 osculum
943 3365 1048 3416 offerro

85 3432 141 3484 erit
159 3447 210 3480 nec
229 3429 359 3478 obtulerit
382 3425 494 3494 plexibil
511 3464 518 3478 .
536 3463 568 3477 ..
595 3426 640 3477 Ob
663 3427 692 3478 id
717 3429 793 3477 euim
816 3429 975 3482 institutum*
996 3433 1049 3485 hoe

100 3508 209 3551 veteres
226 3497 394 3560 habebatur,
418 3502 449 3545 ut
466 3494 601 3562 probaret
622 3511 652 3548 se
675 3495 859 3548 temulentam
883 3499 911 3549 in
937 3501 1047 3565 publico

85 3570 169 3622 fuisse
187 3604 194 3617 .
212 3567 369 3631 ..nuptias
387 3602 392 3614 .
412 3602 418 3614 .
436 3601 440 3609 .
459 3565 591 3615 intulisse.
607 3590 643 3602 -
682 3571 725 3620 30.
742 3563 847 3632 Spnrgp
871 3572 970 3618 marite
994 3586 1047 3617 αα.

93 3635 213 3704 nuptiali
238 3637 306 3685 festo
332 3648 414 3684 nuces
439 3631 522 3682 dividi
546 3633 588 3685 vel
612 3632 641 3684 in
665 3632 755 3683 solum
779 3633 852 3684 obici
876 3637 970 3687 solent.
1004 3638 1048 3687 t-ic

85 3721 164 3757 irum
183 3703 374 3769 colligentium
392 3703 509 3766 strepitu
529 3716 577 3751 vox
594 3701 702 3767 puellae
718 3717 774 3752 non
793 3703 910 3757 auditur.
949 3704 994 3754 Vel
1010 3722 1047 3755 ne

87 3784 130 3828 sta
148 3773 231 3824 verbe
250 3771 284 3822 ed
303 3786 382 3822 eures
407 3771 539 3821 ferentur.
575 3771 623 3821 Est
646 3779 674 3820 et
698 3768 745 3820 illa
769 3771 879 3837 opinio,
903 3771 977 3838 quod
999 3772 1048 3840 qui

85 3847 121 3894 Les
140 3840 311 3893 contrahunt
328 3839 402 3889 lusus
426 3838 536 3889 incaviti
561 3837 704 3904 (incauti?
733 3837 859 3898 iuvr'tt'?)
884 3839 1050 3905 relinquunt,

102 3912 237 3963 Terentio
257 3908 350 3973 (Andr.
370 3912 394 3968 1,
413 3914 438 3968 2,
457 3905 523 3966 19.):
542 3906 623 3958 Nunc
639 3907 685 3958 hic
703 3907 760 3957 dies
778 3907 861 3958 eliam
878 3908 961 3956 vitam
980 3907 1048 3958 alins

84 3999 108 4033 ιι
126 3980 252 4049 postulet.
289 3978 357 4027 Titi
370 3977 478 4024 ¹deserit
496 3981 561 4034 αἴας
578 3975 631 4025 hoc
649 3983 702 4037 est,
712 3975 762 4031 tihi
779 3975 909 4044 hesperus
927 3974 962 4024 eb
980 3977 1051 4029 Oete

84 4068 104 4104 a
120 4048 271 4117 consurgit.
305 4045 372 4098 tnde
387 4043 470 4097 etiarn
485 4049 578 4114 raptus
591 4044 637 4100 ille
652 4043 729 4096 ritus.
745 4081 754 4096 .
770 4080 778 4094 .
792 4068 826 4080 -
861 4051 904 4100 32.
920 4043 946 4094 0
960 4045 1048 4112 digno

790 4132 848 4189 20·
