2430 4620
121 316 124 321 .
171 282 217 353 ot
428 280 566 345 saavu
590 280 952 349 couuaummus

146 532 148 537 ¹
171 485 238 524 nem
255 475 287 519 ut
302 468 387 520 etism
404 470 502 521 umas·
519 469 593 522 inter
609 476 723 533 ceterae,
739 469 788 522 sed
805 473 985 540 apamiam
1004 491 1018 522 v

171 548 217 592 tur
273 553 290 588 o
306 555 336 590 se
354 539 437 606 possit
460 538 543 589 ducta
567 553 678 602 errore,
702 539 849 609 perimere.
867 569 901 580 -
944 549 1004 600 1:34.

172 626 227 660 nus
265 608 377 670 aletur,-
401 609 538 660 Catonem
555 608 679 675 sequitur
703 609 750 676 qui
769 610 911 660 Albanum
935 622 1018 663 mont

171 680 257 745 longa
276 683 354 744 putat
370 675 484 728 dictum.
500 703 537 714 -
572 675 733 734 idi-'Tunt
752 694 838 744 neque
856 697 958 730 nomen
976 700 1018 731 era

170 749 217 810 ait,
233 746 299 815 quin
315 743 344 796 in
361 744 468 797 Albano
484 761 529 796 res
547 744 636 795 divina
655 762 671 794 a
689 747 750 796 iure
766 747 1003 815 triumphantibus

169 816 272 868 seilicet
293 813 367 881 quod
389 815 458 866 Alba
483 813 573 884 patria
597 814 691 882 populi
713 815 836 866 ltomani
860 817 993 882 babetur,

169 886 248 952 origo
265 882 409 948 Romana,
425 891 540 953 propter
559 882 633 950 quod
651 888 692 948 (l,
709 883 758 940 7.):
783 884 941 953 Albanique
959 899 1018 951 patr

167 956 239 1021 piter
250 949 380 1002 Latiaris
397 951 602 1020 antiquissimus
616 958 663 1003 est
697 952 772 1018 Ergo
787 955 888 1004 montis
903 955 1017 1006 huiusce

166 1022 258 1105 patria
294 1021 370 1089 opuli
386 1021 507 1073 Romani
531 1037 590 1073 esse
611 1019 734 1079 dicatum
757 1020 845 1073 honos
864 1040 928 1074 vero
953 1025 1018 1075 rei‹

166 1092 206 1144 tbi
231 1109 247 1144 a
298 1089 405 1142 omanis
427 1089 493 1143 fieri·
514 1097 706 1141 consueverat:
737 1104 840 1142 nomen
864 1093 925 1159 quis
948 1093 1014 1157 igno

166 1160 235 1212 Alba
258 1166 380 1211 tractum
404 1160 463 1212 oeri
489 1159 534 1221 (aa
554 1156 604 1209 re?
628 1157 750 1218 arieti).
768 1185 802 1195 —
846 1166 905 1217 136.
922 1163 1018 1225 Aspect

166 1244 301 1296 uuupare
324 1227 533 1296 antiquitatem:
556 1242 625 1279 nam
647 1227 738 1294 potuit
761 1231 901 1292 spectabat
926 1230 1018 1282 dicere

166 1296 243 1348 Diva
268 1298 364 1359 desm5
392 1305 441 1347 eut
463 1295 616 1366 Hypallage
639 1303 694 1358 est,
725 1311 776 1361 pro
801 1297 851 1346 dea
878 1298 982 1349 diuam.

164 1374 292 1418 aeternos
309 1364 440 1417 dicimus:
458 1367 540 1416 divas
557 1379 637 1428 vero,
655 1363 702 1432 qui
721 1380 752 1414 er
769 1364 929 1420 bominibus
947 1370 1017 1418 fiunt

164 1434 231 1487 dixit
247 1435 281 1485 de
298 1435 403 1486 Iunone
421 1435 525 1498 diuam,
542 1431 692 1503 respiciens
709 1434 916 1501 etymologiam.
952 1438 1018 1487 Nan:

163 1502 281 1572 legimus
298 1503 402 1570 (Carm.
421 1512 446 1568 2,
464 1503 515 1565 3.):
532 1501 588 1552 Sub
608 1502 673 1552 diva
693 1504 810 1552 moreris
829 1506 945 1553 victima
966 1508 1016 1556 nib

163 1575 202 1623 tis
220 1571 298 1625 Orci.
331 1573 352 1624 Ι,
370 1590 394 1624 e.
411 1571 462 1623 snb
479 1573 558 1633 edre,
575 1585 657 1638 quem
676 1579 783 1620 constat
800 1588 859 1623 esse
876 1574 1018 1626 lunonem.

162 1647 220 1693 tem
237 1640 279 1693 vel
296 1640 361 1704 dea,
385 1641 515 1707 generale
540 1637 665 1708 [nomen]
691 1647 732 1690 est
754 1641 890 1692 omnibus.
927 1643 997 1693 Nam

162 1717 218 1772 est;
241 1709 341 1761 Latine
358 1712 444 1761 timor
461 1715 588 1768 vocatur;
612 1706 677 1759 inde
694 1707 760 1759 deus
778 1708 866 1759 dictus
884 1718 939 1774 est,
958 1729 1018 1778 qnos

160 1777 226 1846 ligio
249 1779 284 1828 sit
307 1777 425 1829 timoris.
460 1779 559 1846 [varro
582 1775 618 1827 ad
636 1776 802 1827 Ciceronem
826 1779 925 1841 tertio,
950 1782 993 1829 lta
1015 1803 1018 1831 r

161 1863 213 1897 aur
230 1848 327 1898 dicant
345 1847 411 1915 dpos
437 1862 499 1895 cum
525 1845 656 1896 omnibus
675 1847 820 1912 antiqui*
845 1851 953 1910 (amnes
979 1869 1015 1898 an

160 1913 263 1980 diosa]
297 1915 412 1983 stagnis
430 1930 501 1979 quae
511 1913 874 1982 fluminibusquesonoris
893 1916 1018 1969 Praeside

158 1985 220 2037 lons
237 1990 278 2036 est
293 1983 413 2036 initalia
431 1983 628 2037 saluberrimus
645 1983 719 2034 iuxta
731 1983 881 2034 Numicum
893 1985 1018 2051 fluvium,

158 2071 175 2106 a
190 2053 315 2104 iuvanda
335 2061 376 2105 est
387 2051 514 2104 inditum.
549 2051 621 2103 cam
643 2053 718 2102 enim
738 2052 901 2104 naturaliter
920 2059 1011 2105 omnis

156 2123 192 2176 sit
208 2129 402 2174 extraneorum
420 2119 581 2188 (aegrotor.)
599 2120 775 2189 corporibus,
791 2120 836 2171 bic
855 2125 981 2174 omnibus
997 2143 1018 2174 sc

156 2192 218 2243 sons
236 2197 284 2242 est.
325 2189 369 2241 De
385 2190 438 2240 hoc
455 2199 550 2242 autem
567 2189 644 2240 fonte
661 2187 782 2239 Romam
805 2190 841 2241 ad
859 2194 952 2247 omnia
970 2211 1016 2244 sac

156 2259 252 2312 afferri
276 2265 461 2310 consueverat.
496 2258 582 2326 [Bene
606 2273 674 2324 ergo
692 2257 820 2325 Virgilius
844 2259 939 2310 Turno
963 2262 1018 2330 ling

155 2344 228 2397 quae
245 2327 404 2378 laborantes
421 2326 515 2378 iuvare
532 2326 684 2377 cousuevit:
707 2325 771 2378 buia
793 2328 864 2379 fonti
880 2347 930 2408 per
946 2333 1018 2398 Aque

156 2412 239 2465 opum
257 2397 270 2427 *
287 2400 415 2463 (propter
431 2410 568 2464 aquarum
585 2393 720 2464 inopiam)
737 2396 886 2455 caprificum
904 2399 988 2449 solet:
1005 2419 1018 2448 c

154 2465 267 2517 Catulus
290 2465 396 2534 primus
418 2455 554 2533 templum
570 2463 601 2514 ia
617 2479 717 2541 campo
734 2462 833 2517 meti·
856 2465 936 2531 lecit,
960 2485 1018 2518 nan

154 2551 207 2584 nae
227 2532 323 2602 ferias
341 2531 496 2597 celebrant,
519 2533 567 2601 qui
593 2531 742 2583 artificium
758 2549 828 2600 aqua
847 2546 988 2600 exercent,
1014 2557 1018 2585 t

151 2604 253 2654 iustum
268 2602 433 2653 Iuturnalia
448 2601 551 2652 dicunt.
577 2601 665 2651 Varro
679 2617 776 2650 rerum
790 2602 945 2653 divinarum
960 2623 1018 2672 qna

151 2671 203 2722 ait:
217 2671 351 2722 lutumst
375 2673 449 2722 inter
464 2671 595 2739 proprios
612 2670 677 2720 deos
696 2668 893 2737 Nymphasque
910 2680 1018 2738 ponitua

151 2752 253 2807 stagna
271 2739 389 2804 dixerat,
412 2740 476 2791 ideo
495 2755 599 2789 sonora
616 2738 748 2805 flumina
772 2738 892 2803 addidit,
916 2754 957 2792 est
983 2763 1017 2793 en

149 2825 213 2860 rum
237 2806 390 2877 datitiorum]
414 2833 447 2847 -
493 2811 553 2865 142.
577 2804 708 2873 Nympha
733 2808 818 2857 decus
833 2809 1011 2876 fluviorum,-

74 2895 77 2903 “
149 2883 190 2943 (8,
208 2878 275 2937 71.):
299 2877 446 2946 Nymphae
463 2873 629 2946 [Laurentes
646 2873 824 2942 Nymphae,]
847 2896 936 2945 genus
956 2900 1018 2930 amn

149 2957 197 2997 est.
232 2947 335 2997 Anima
354 2949 521 3014 gratissima
541 2956 653 3020 nostpo;
671 2945 808 2994 Homerus
826 2947 863 3012 (ll.
882 2966 910 3009 a,
928 2953 1017 3011 243ae

146 3019 290 3085 χαρισμὲνε
308 3012 400 3085 θυμῷ.
417 3042 449 3054 -
486 3018 546 3072 143.
567 3013 684 3064 Cunctis
700 3011 900 3078 Praetulerim,-
917 3017 1008 3069 litotes

146 3085 328 3138 contrarium.
362 3086 423 3136 Plus
441 3084 518 3136 enim
535 3081 616 3147 dicit,
640 3089 669 3133 et
685 3081 776 3132 minus
794 3085 937 3152 significet.
972 3088 1018 3137 Na]

146 3167 243 3204 omnes
267 3162 309 3205 est
332 3161 491 3220 persecuta:
513 3151 578 3203 huic
602 3165 668 3202 vero
684 3150 811 3210 rlibeuter
834 3152 954 3205 indulsit.
995 3158 1017 3205 E

144 3222 219 3274 hano
237 3222 366 3274 omnibus
384 3220 556 3292 prieutlisse:
581 3219 659 3286 quiesi
681 3219 766 3270 etiam
784 3220 850 3272 alias
874 3225 902 3272 in
921 3224 1018 3274 honen

143 3291 230 3410 {Ergo
247 3292 311 3345 ideo
328 3292 381 3343 boo
399 3291 480 3353 dicit,
503 3297 540 3340 ut.
557 3287 636 3340 tollat
658 3303 770 3338 causam
787 3306 871 3354 quam
896 3293 986 3357 potuit
1003 3295 1012 3341 l

164 3377 211 3412 ere
229 3369 394 3430 suspectam.
428 3357 510 3423 Saue]
527 3356 583 3410 tale
600 3364 641 3410 est
658 3363 686 3408 et
701 3355 768 3408 illud
787 3359 993 3410 Sallustianum:
1013 3391 1018 3410 r

141 3431 230 3479 ticum
249 3431 378 3494 dulcius,
396 3445 481 3496 quam
500 3434 605 3478 ceteras
629 3441 693 3476 cum
710 3425 818 3476 nullum
836 3428 914 3478 dulce
932 3429 973 3479 sit.
1008 3433 1018 3478 i

141 3497 224 3562 dum,
248 3513 304 3550 non
327 3498 469 3550 immerito
491 3496 599 3548 finxisse
621 3493 783 3561 Virgilium,
808 3497 968 3563 Nymphae,
993 3500 1010 3549 i.

122 3576 222 3631 'suae,
251 3566 392 3619 indulsisse
422 3567 564 3616 lunonem.
613 3562 826 3631 [Quaecunque
850 3564 989 3630 Latinae,-

138 3635 256 3686 Latinae
273 3650 337 3685 cum
356 3635 455 3703 quibus
471 3633 595 3702 Iuppiter
612 3633 792 3684 concubuerit
816 3635 952 3684 incertum
971 3645 1017 3685 est.

48 3702 51 3709 ’
139 3704 289 3772 Ingratum
309 3705 416 3764 cubiie;
441 3703 500 3771 [aut
518 3705 662 3768 ingratum
680 3701 714 3750 de
732 3718 786 3768 quo
811 3704 910 3770 paulici
928 3705 939 3733 *
959 3706 1018 3773 (pel

138 3773 247 3841 gratia,
271 3773 325 3824 hoc
349 3773 425 3824 enim
450 3771 576 3827 convenit
597 3782 732 3836 personae
751 3770 865 3820 dicentis
889 3771 946 3835 aut]
965 3791 1017 3838 quc

139 3860 203 3894 eam
221 3849 312 3893 castae
329 3858 384 3892 non
410 3846 566 3911 praesentat
591 3838 667 3886 niori
684 3839 815 3904 luppiter.
854 3841 937 3905 [Ergo
963 3843 1014 3890 sibi

137 3925 267 3979 gratum,
284 3927 340 3962 non
358 3910 425 3974 illis,
443 3925 514 3975 quae
532 3906 727 3965 ascenderam
751 3925 817 3957 nam
834 3908 946 3977 lutnpna
966 3912 1016 3958 dea

138 3999 228 4050 neque
252 3996 303 4047 pro
324 3988 368 4032 ter
384 3979 476 4028 [ovem
499 3977 603 4028 dictum
629 3983 682 4037 est,
707 3977 754 4042 qui
777 3977 991 4027 immortalitatis
1015 4001 1018 4007 ¹

139 4050 275 4115 persolvit
350 4063 386 4118 go
404 4047 475 4100 bene
493 4045 547 4096 sibi
565 4044 717 4110 ingratum.
751 4045 824 4096 Nam
848 4061 912 4096 cum
930 4043 1018 4116 luppil

194 4181 200 4190 e
