2452 4626
157 326 195 368 nr
222 304 775 386 vmomnucot.vt1‚‘7o-
788 305 874 383 vm,
897 315 946 379 12
1011 312 1077 381 147
1102 374 1105 381 .

48 491 118 558 (M,
133 491 212 553 45.):
228 489 369 544 Numeros
388 493 510 544 memini.
526 517 561 530 -
594 497 637 548 70.
654 491 697 542 Ee
715 492 766 544 illo
786 491 925 558 Corydon,
943 493 1085 563 Corydon·

48 571 83 611 est
95 572 220 627 tempore
239 563 338 625 nolin
355 561 455 625 victor,
472 561 571 613 nobilis
587 576 671 631 supra
689 575 800 613 omnes:
816 576 900 631 qrnm
916 579 978 615 rem
995 562 1073 634 quasi

47 628 149 679 articus
169 629 293 696 implere
308 645 365 681 non
382 629 479 698 potuit

97 762 257 818 ECLOGA
274 766 340 816 VIII.
376 771 400 823 1.
419 764 567 817 Pastorum
584 764 698 818 Musam
717 764 874 829 Damonis3
894 766 965 836 apud
982 767 1073 819 Theo·

39 832 134 884 oritoni
161 843 206 886 est
230 851 285 885 una
310 835 422 901 ebloga,
445 851 515 904 quae
540 837 694 905 appellatur
718 833 940 905 φαρμακεὺτρια,
963 836 993 887 in
1017 852 1072 906 qua

36 903 177 955 inducitur
195 903 297 954 mulier
315 903 451 972 quaedam
475 905 558 954 sacris
577 905 740 971 quibusdam
764 913 919 975 pervertens
944 912 1072 956 mentem

36 971 183 1037 amatoris,
208 990 225 1021 a
242 987 297 1039 quo
314 972 510 1041 spernebatur:
534 988 617 1040 quam
635 973 762 1041 Virgilius
778 974 917 1025 transtulit
934 973 968 1024 ad
992 972 1072 1024 huius

34 1039 144 1107 eclogae
167 1039 298 1090 nltimam
315 1048 432 1110 partem.
467 1040 559 1092 Prima
582 1041 659 1092 enirn
682 1041 739 1094 eius
763 1059 826 1111 pars
841 1041 1070 1109 conquestionem

33 1108 118 1158 solam
142 1108 237 1167 babet
259 1109 390 1160 amatoris
415 1109 536 1176 decepti:
561 1125 661 1176 quem,
684 1111 813 1162 nubendo
838 1111 917 1162 alteri
925 1147 933 1175 ‚
958 1109 1072 1178 antiqua

33 1191 128 1245 sponsa
147 1177 259 1229 fefellit.
294 1177 425 1241 Musam,
444 1177 543 1294 pergo]
560 1179 727 1230 cantilenam
744 1180 888 1244 amorum,
912 1193 980 1245 quor
996 1178 1070 1231 inter

31 1260 86 1297 rese
111 1245 289 1296 cecinerunt.
312 1271 347 1280 -
395 1254 421 1302 2.
460 1263 591 1296 inmemor
623 1246 773 1297 berintum
799 1263 869 1314 quos
893 1259 933 1297 est
966 1249 1070 1298 mirata

32 1316 173 1378 iuvencag
200 1313 250 1381 qui
273 1312 424 1373 cantilenae
447 1316 578 1365 suavitate
601 1320 751 1382 coegerunt
776 1316 862 1368 etiam
886 1333 920 1367 ea
937 1315 1080 1369 animalia·

30 1383 152 1434 oblivisci
173 1397 357 1452 pascuorum,
380 1398 451 1448 quae
468 1391 531 1433 sunt
553 1384 683 1450 pascendi
701 1384 863 1436 avidissima.
896 1383 968 1434 Nem
986 1400 1070 1453 supra

29 1453 64 1503 ait
86 1458 138 1517 (7,
158 1450 232 1510 39.):
256 1451 433 1513 Itednmum
457 1453 546 1517 pasti,
571 1454 597 1501 si
622 1454 686 1517 quis
709 1454 815 1517 pudor,
840 1456 878 1503 lto
897 1455 1016 1522 iuvqnei.
1035 1479 1070 1491 -

30 1528 50 1578 ᾖ
67 1519 257 1588 stupefactae
275 1523 399 1571 carmine
417 1521 512 1584 lynces
518 1543 528 1583 ,·
556 1519 696 1587 [animalia
720 1528 852 1590 tunquam
869 1521 1021 1574 Pantherae
1038 1514 1069 1574 iil

28 1589 110 1641 tutela
129 1588 251 1650 Liberi,
268 1587 308 1652 et]
325 1588 457 1657 paulatim
475 1589 510 1659 ad
528 1597 676 1656 augmenta
693 1591 832 1658 procedit,
850 1590 957 1641 dicens:
975 1585 1078 1644 livent

28 1674 70 1710 cae
84 1656 202 1708 oblitae
216 1664 279 1706 sunt
292 1671 471 1722 pascuorum:
487 1664 650 1725 stupuerunt
664 1659 755 1709 ferae:
772 1658 888 1708 flumina
906 1657 988 1709 etiam
1007 1675 1069 1711 sen-

25 1742 52 1776 sa
76 1724 215 1776 carentia
246 1741 339 1775 cursus
363 1725 487 1793 proprios
511 1726 726 1776 retardaverunt.
750 1753 785 1763 —
841 1730 867 1782 4.
891 1726 1066 1792 Requierunt

19 1795 152 1862 flumina
176 1809 296 1855 cursus,⁸
321 1794 426 1860 [cursus
443 1793 567 1861 proprios
584 1794 806 1860 retardaverunt,
829 1793 868 1858 et]
885 1796 990 1862 quietos
1008 1812 1066 1848 esse

24 1864 164 1916 fecerunt.
203 1860 248 1911 Sic
264 1859 401 1911 Sallustius
418 1862 553 1926 (Hister
572 1861 721 1912 Paululum
743 1865 874 1926 requietis
893 1863 1066 1930 [militibus]

50 1936 155 1982 uitreo
184 1931 261 1981 enim
283 1930 431 1998 [duplicem
454 1928 541 1981 babet
563 1930 806 1998 significationem,
835 1939 863 1984 et
886 1931 965 1983 aliter
988 1933 1067 1983 dicos

22 1931 164 2068 δαίεσθαι]
188 2016 254 2066 egos
273 1998 352 2049 aliter
370 2000 481 2062 quiesco
500 2015 626 2063 servum,
642 1999 659 2048 i.
679 2017 702 2050 e.
720 2001 861 2067 quiescere
877 1999 957 2051 facio.
990 2000 1065 2069 [Cul-

21 2071 116 2122 tusin
135 2070 187 2119 Io:
211 2067 260 2117 sot
277 2082 384 2132 quoque
401 2079 545 2132 perpetuos
570 2070 695 2118 meminit
721 2070 886 2132 requiescere
905 2084 1013 2119 cursus.
1031 2095 1066 2108 -
1119 2067 1129 2085 ‘

22 2139 219 2197 &Damonis
237 2134 368 2198 Musam,
394 2134 466 2186 bene
488 2135 601 2204 repetit,
625 2152 661 2187 ne
686 2138 799 2201 longum
816 2136 987 2205 hyperbaton
1004 2153 1066 2190 sen-

21 2224 79 2258 snm
109 2205 315 2265 confunderet,
341 2210 370 2252 ut
393 2203 422 2254 in
440 2203 583 2270 Georgicis
609 2207 662 2268 (2,
678 2205 715 2267 4.)
737 2205 853 2277 repetit:
875 2204 929 2254 buc
951 2217 1029 2272 pater
1046 2223 1065 2258 n

20 2274 153 2341 Lenaee]
175 2299 225 2322 -,
246 2279 272 2330 6.
291 2270 335 2327 Ta
354 2271 442 2337 miti,
472 2268 520 2321 seu
541 2276 637 2338 magni
661 2290 777 2339 superas
801 2278 858 2324 iam
876 2291 947 2323 saxa
967 2274 1064 2324 Tt'mn-

21 2347 61 2410 νίς
79 2345 136 2395 ubi
155 2342 209 2392 ubi
227 2357 264 2404 es,
282 2355 298 2388 ο
310 2341 438 2407 Auguste.
456 2340 510 2391 sive
526 2342 656 2392 Venetiae
673 2342 781 2392 flumen
797 2342 980 2405 transcende
997 2360 1064 2396 num
1140 2358 1143 2363 ·

19 2414 155 2466 'l'im'nvus
181 2410 282 2460 fluvius
299 2414 341 2459 est
355 2408 486 2460 Venetiae
503 2408 556 2476 [vel
574 2408 710 2472 Histriae]
727 2437 760 2446 -
802 2419 827 2467 7,
844 2409 907 2461 Sive
925 2429 1004 2462 oram
1022 2413 1061 2463 Il-

19 2484 105 2551 lyrici
125 2481 206 2546 legis
225 2477 372 2543 aequoris,
394 2493 429 2527 en
453 2478 508 2527 erit
534 2493 656 2540 unquam
675 2478 726 2528 Ille
752 2478 827 2542 dies,
851 2479 905 2529 hoc
929 2486 984 2544 est,
1006 2481 1061 2534 sive

17 2570 63 2623 per
79 2549 236 2617 Illyricum
253 2545 363 2612 navigas
379 2561 409 2594 m
489 2542 507 2595 i.
525 2563 547 2595 e.
565 2563 614 2614 per
631 2546 811 2598 Dalmatiam:
829 2555 920 2616 putas,
939 2564 1061 2617 unquam

18 2623 67 2672 erit
90 2629 230 2686 tempus,
253 2623 308 2683 quo
334 2556 511 2673 mibiflfflat
533 2621 580 2669 tua
602 2616 674 2665 facta
692 2615 867 2667 describere?
891 2615 990 2681 (Putes
1007 2618 1061 2668 erit

15 2687 151 2756 tempus.)
172 2709 210 2749 7·
244 2688 268 2739 9.
287 2681 332 2731 En
349 2684 415 2742 erit;
434 2697 498 2733 ecce
515 2682 572 2732 iam
590 2684 685 2734 aderit.
718 2685 792 2740 Nam
811 2700 844 2732 en
862 2699 947 2734 unum
965 2693 1062 2752 optari·-

12 2761 45 2811 ris
61 2765 125 2818 est,
148 2752 211 2822 [nu
234 2769 269 2802 en
294 2752 347 2800 erit
371 2752 418 2800 ille
437 2749 508 2814 dies]
525 2751 600 2802 aliud
616 2751 803 2803 confirmantis
827 2753 881 2818 [ut:
904 2769 939 2801 en
958 2756 1010 2803 orit
1028 2758 1076 2804 ut·

13 2823 122 2889 necas]
139 2850 180 2860 -
217 2826 260 2876 10.
277 2819 343 2870 Solo
360 2817 509 2886 Sophocleo
528 2831 577 2868 tun
596 2825 724 2872 carmina
744 2823 768 2870 d.
789 2835 827 2879 o.;
852 2816 924 2871 acsi
943 2821 1060 2875 diceret:

11 2894 192 2965 Quanquam
216 2889 307 2958 impar
329 2887 364 2937 sit
385 2887 529 2954 ingenium
547 2904 642 2938 meum
670 2888 793 2941 laudibus
810 2887 871 2938 tuis.
905 2888 976 2939 Num
994 2880 1059 2942 'tuae

10 2962 108 3017 huden
126 2965 279 3010 merentur
302 2954 419 3023 exprimi
435 2955 585 3024 Sophocleo
608 2964 717 3008 tanturn
735 2957 877 3007 cothurno.
912 2956 1076 3024 Sophocles·

10 3042 110 3085 autem
136 3028 198 3080 fuit
221 3025 498 3093 Tragoediogrephus
521 3025 657 3076 altisonus.
689 3026 754 3093 [Alii
777 3024 839 3075 ideo
862 3025 915 3074 hoc
939 3027 973 3078 de
998 3026 1058 3077 Pol·

10 3098 84 3153 lione
104 3096 222 3148 dictum
239 3095 346 3157 volunt,
367 3095 442 3160 quod
465 3100 493 3144 et
514 3093 573 3160 ipse
597 3094 738 3162 utriusque
761 3093 870 3160 linguae
888 3093 1056 3161 Tragoedia-

10 3178 73 3221 rnm
99 3165 231 3231 scriptor
253 3162 315 3213 fuit
358 3161 519 3211 cothurnus
549 3170 644 3213 autern
668 3162 880 3225 calciamentum
911 3163 1057 3230 tragicum,

11 3237 87 3289 enine
113 3248 205 3284 nsum
221 3231 336 3298 qtiidam
346 3227 516 3298 ,Sophoclem
540 3230 663 3296 primum
686 3247 783 3281 scenae
806 3229 927 3281 intulisse
945 3232 1055 3300 volunt]
1133 3274 1136 3283 .

15 3334 45 3347 ..
79 3309 130 3362 11.
155 3301 181 3348 A
209 3311 233 3348 te
256 3300 431 3365 principium
456 3299 511 3347 tibi
535 3299 655 3358 desinet,
679 3299 735 3367 [sic
760 3305 789 3349 et
811 3299 947 3349 Homerus
972 3301 1016 3367 (ll.
1033 3322 1054 3364 ι,

16 3374 79 3435 9ης
105 3367 161 3426 Ἐν
179 3371 224 3420 σοὶ
240 3368 292 3434 μὲν
308 3363 379 3433 λήξω
397 3372 442 3418 καὶ
459 3362 605 3435 ἅρξομαι.]
640 3366 767 3418 Horatius
785 3366 885 3435 (Epist.
907 3370 1056 3433 1‚1,1.)¹:

14 3440 109 3495 Prima
137 3443 217 3491 dicte
241 3437 327 3502 mihi,
351 3452 461 3487 summa
486 3438 601 3485 dicende
626 3452 767 3499 camoena.
808 3435 900 3485 iussis
925 3440 1055 3489 carmina

14 3525 107 3579 cupra
128 3513 212 3572 tuis3
230 3522 313 3575 supra
329 3505 405 3554 enim
423 3503 527 3554 dixerat
544 3504 609 3570 (Ecl.
626 3509 657 3568 6,
676 3506 727 3566 9.):
755 3500 822 3552 Non
841 3506 954 3553 iniussa
973 3521 1053 3557 cano.
1075 3520 1077 3524 ·

15 3602 45 3617 ·-
70 3587 118 3638 12.
136 3579 231 3643 Atque
249 3574 322 3625 bano
341 3575 403 3623 sine
421 3584 542 3636 tempora
562 3574 667 3623 circum
686 3573 762 3621 Inter
780 3573 907 3621 victrices
926 3573 1056 3624 hederam

13 3650 63 3699 oti
94 3662 213 3714 serpere
244 3645 360 3707 tauros,·
390 3635 456 3707 ἄλλη
475 3637 571 3708 operuit
600 3641 674 3692 dicit.
718 3637 809 3690 Debet
831 3640 916 3701 etiem
940 3659 1054 3694 carmen

12 3726 107 3769 unm
125 3716 239 3766 florere
261 3711 335 3762 inter
358 3718 418 3763 tuos
441 3660 532 3780 piures
549 3709 710 3778 triumphos.
745 3707 817 3758 Nam
834 3708 949 3760 victores
966 3712 1056 3780 Impe-

12 3793 134 3849 utores,
153 3785 254 3834 lauro:
277 3779 382 3832 hedera
400 3787 567 3829 coronantur
584 3778 692 3829 Poetae.
727 3778 885 3847 Verecnndc
902 3785 997 3829 autem
1014 3781 1053 3830 ait

11 3850 141 3920 ἄτῃσι,
166 3851 225 3902 hoc
250 3855 292 3899 est
315 3844 458 3898 humiliter
474 3842 633 3916 p'rocedere.
666 3844 732 3914 [alii
752 3843 910 3896 ideolauri
928 3855 956 3896 et
971 3847 1054 3899 hede-

10 3932 58 3975 rae
75 3920 172 3973 >simul
197 3917 369 3967 mentionem
392 3917 495 3967 factam
513 3916 666 3984 accipiunt,
691 3913 823 3982 quoniam
841 3913 936 3982 Apollo
953 3917 1053 3966 carmi·

10 4000 76 4042 unm
93 3992 184 4053 deus,
201 3985 278 4036 idem
296 3983 382 4034 Liber
399 3991 479 4050 pater
496 3991 615 4052 putatur.
631 3981 634 3989 “
651 3983 779 4050 Quidam,
795 3981 866 4032 sicut
883 3980 988 4034 dictum
1005 3991 1054 4048 est,
1122 4017 1123 4021 ,

10 4050 40 4110 ln
50 4059 211 4112 Pollionem
228 4053 334 4106 dictum
351 4051 539 4121 naumuqui
554 4059 620 4104 tunc
631 4032 771 4121 Illyricum
787 4049 900 4119 petebat
917 4060 1054 4123 expugna·

791 4163 849 4220 10*
