2452 4626
199 230 237 333 ω’
263 271 423 333 vireu.
449 238 621 335 annixu.
644 270 723 333 tra.
746 269 817 344 ru,
840 274 1012 341 95-112.
1086 276 1131 340 61

92 459 125 510 ad
136 458 232 509 rirxnn
250 457 418 511 sentientem
434 457 569 527 loquitur:
593 475 646 510 nec
668 455 819 508 immerito.
852 454 926 509 Nam
942 471 1011 509 cum
1026 454 1134 509 inducit

94 530 244 591 furentem,
269 535 314 576 ut:
338 526 394 577 His
412 531 511 595 agitur
524 527 635 595 fariis,
659 539 770 592 totoque
788 526 916 578 ardentis
934 526 969 576 ab
989 543 1036 579 ors
1053 525 1132 577 Scin·
1208 540 1211 551 ·

95 597 160 647 silae
187 597 357 661 absistunt,
388 599 480 648 oculis
505 599 591 646 micat
614 598 730 647 acribus
756 597 843 662 ignis.
897 594 1018 647 Vocatus
1048 592 1132 647 hasta

91 682 176 729 neos,·
202 665 396 719 invocationes
413 673 442 718 et
458 681 561 736 preces.
595 665 668 715 Nam
692 665 839 734 appellatio
858 672 898 716 est
922 683 939 716 a
956 664 1041 715 verbo
1058 680 1131 734 quse

88 751 196 802 semper
218 735 319 786 autin
338 736 365 785 io
386 734 453 795 erit,
478 742 524 784 aut
541 735 571 784 in
591 751 631 784 us.
668 733 695 784 Si
720 735 749 785 in
778 736 806 784 io
832 741 944 797 exeant,
967 734 1067 786 tertiae
1090 741 1132 786 est

88 804 129 866 [al.
147 814 236 869 runt;
264 801 357 854 Gueli.
374 805 394 854 1.
412 799 443 854 er'
459 804 572 867 (erantJ)
589 803 705 853 formae.
740 800 814 852 siin
834 819 882 866 us,
899 809 1029 871 quartae:
1047 810 1079 854 ut
1095 803 1131 855 ab

88 872 212 941 eoquod
233 879 276 922 est
295 873 371 939 lego,
395 881 441 922 aut
457 872 557 935 lectio,
574 880 621 922 aut
639 873 725 921 lectas
743 870 817 922 facit.
851 868 904 922 Sed
927 871 981 922 hoc
997 886 1049 923 not
1064 871 1131 923 dici-

88 958 159 1006 mus,
176 941 259 1008 qssod
277 936 464 1011 εὐφωνότερον
481 938 602 1008 [fuerit]:
618 941 689 990 sicut
706 955 779 990 nunc
798 938 834 989 ab
851 953 884 990 eo
903 939 978 1006 qnod
995 947 1036 992 est
1053 956 1131 1007 voco,

88 1021 203 1062 uocatus
229 1009 316 1074 fecit,
337 1027 394 1062 non
416 1013 586 1061 vocationes.
636 1007 673 1059 Τι
699 1010 842 1058 maximus
865 1007 964 1071 Actor,⁸
988 1009 1130 1078 [subaudi-

89 1077 176 1143 mns,]
200 1085 273 1129 ante
294 1093 394 1144 gerere
411 1085 595 1131 consueverat
613 1105 646 1115 —
688 1084 731 1136 97.
749 1075 834 1126 Nunc
853 1075 948 1127 'l'urni
965 1079 1063 1130 dextra
1105 1097 1131 1128 ι-

94 1151 143 1210 rin
165 1148 226 1198 eius
245 1146 377 1214 [scilicet]
400 1149 446 1215 qui
465 1155 507 1199 est
522 1147 600 1217 quasi
618 1163 700 1213 supra
719 1145 870 1207 maximum
888 1144 1048 1215 [Asturam]
1111 1166 1128 1197 a
1161 1148 1171 1159 ’

99 1229 225 1275 sternam
250 1213 271 1264 fi
294 1233 344 1267 ura
362 1215 484 1267 Graeca:
502 1224 532 1266 ut
550 1221 592 1281 (5,
609 1217 697 1278 262.):
721 1213 937 1264 Donat-habere
954 1218 1025 1268 viro.
1059 1216 1129 1268 Item

99 1284 240 1350 (5,248.):
266 1232 328 1333 gat
345 1284 424 1352 ferra
449 1286 591 1335 talentum.
611 1312 640 1320 ·-
685 1278 734 1340 98?
752 1281 891 1334 Lacerare
917 1284 1075 1349 revulsam
1100 1294 1137 1336 ut‘

95 1354 243 1405 laceratam
259 1350 401 1405 revellam.
436 1353 602 1404 Laceratam
621 1361 723 1417 autem,
741 1360 854 1421 propter
871 1350 938 1404 illud
956 1359 1010 1419 (11,
1029 1353 1079 1416 9.);
1094 1353 1129 1404 Et

91 1424 133 1474 bis
155 1440 206 1471 sex
236 1420 356 1473 thoraca
380 1425 496 1487 petitum
516 1422 730 1491 Perfossumque
749 1423 828 1487 locis.
845 1447 880 1457 -
916 1427 976 1478 100.
999 1421 1129 1476 Vibratos

90 1492 180 1542 calido
200 1490 310 1559 ferro,·
335 1490 467 1560 crispatus
484 1492 647 1542 calamistro.
682 1492 754 1541 Nam
780 1491 975 1541 calamistrum
1001 1499 1041 1544 est
1064 1509 1129 1544 acus

88 1561 188 1623 maior,
206 1575 285 1626 quac
303 1560 434 1611 calefacta
452 1569 479 1612 ct
495 1561 618 1622 adhibita
636 1552 776 1626 intorquet
793 1559 913 1628 capillos.
947 1559 1026 1613 Unde
1043 1561 1128 1613 etism

88 1629 183 1681 Cicero
209 1633 279 1696 (pro
298 1627 366 1679 Sext.
384 1629 420 1690 8.)
444 1631 667 1680 calamistratam
685 1645 792 1678 comam
815 1627 938 1697 appellat
958 1629 1001 1680 fra
1041 1628 1130 1694 enter,

88 1715 156 1766 quae
180 1697 274 1748 etiam
299 1697 492 1765 vituperationi
517 1707 565 1750 est.
601 1698 676 1749 Unde
702 1705 732 1746 et
756 1705 870 1749 econtra
894 1696 928 1746 ad
952 1695 1064 1749 leuem
1088 1706 1130 1752 est

88 1768 208 1835 positum
236 1765 273 1815 ab
298 1764 413 1816 Horatio
438 1764 676 1831 (Carm.1,'tt.):
701 1764 757 1816 Hic
783 1779 807 1816 ιι
832 1767 983 1832 incomptis
1008 1764 1128 1818 Curium

89 1836 214 1902 capillis.
255 1834 304 1901 [Et
321 1832 417 1885 ovidio
441 1837 527 1901 (Fast.
544 1841 576 1898 6,
595 1837 679 1895 264.):
702 1835 815 1886 Intonsi
839 1837 918 1901 regia
943 1851 1047 1901 magna
1065 1835 1127 1888 Nu.

88 1902 168 1968 mae]
205 1900 333 1969 Myrrha
353 1905 469 1970 [autem]
492 1907 646 1962 madentem
666 1913 854 1970 unguentatos.
877 1928 909 1940 -
946 1910 1008 1960 102.
1025 1904 1128 1957 Oculis

88 1978 172 2023 micat
191 1973 317 2021 acribus
337 1975 430 2038 ignis5
469 1982 498 2024 ut
519 1969 602 2042 supra
626 1972 731 2037 dietum
755 1981 796 2024 est
817 1970 918 2023 ftirorit
934 1972 1129 2040 immanitate]

88 2042 203 2095 Homeri
223 2048 270 2091 est
286 2040 339 2107 [(Il.
352 2060 378 2103 a,
396 1978 481 2104 104.ὃέ
494 2036 573 2095 ''Oo'os
592 2037 621 2094 δέ
637 2038 665 2093 οἰ
680 2047 745 2111 πυρὶ
760 2034 951 2108 λαμπετόωντι
969 2037 1128 2108 iiiluna]-

89 2116 145 2168 101.
166 2109 329 2178 Terrificos
347 2112 414 2172 ciet3
440 2111 562 2176 [nomine
580 2110 618 2176 et]
642 2111 708 2162 hinc
725 2120 839 2179 apparet
856 2109 978 2178 mugitus
994 2117 1128 2164 nantau-

88 2188 145 2230 mm
163 2178 315 2229 dolentum
332 2193 403 2244 esse,
422 2180 472 2231 sed
496 2181 582 2232 etiam
606 2180 783 2231 irascentum.
821 2178 881 2229 Ciet
904 2176 1020 2246 [autem]
1044 2181 1128 2233 modo
1213 2235 1216 2242 ,

88 2249 148 2313 dat,
172 2248 251 2300 sicut
266 2247 297 2297 in
320 2249 403 2298 tertio
427 2248 546 2314 legimus
569 2249 663 2314 (344.)ε
687 2247 896 2315 Laerymasqae
920 2248 1011 2300 cr'ebat
1035 2248 1080 2316 (al.
1098 2248 1128 2300 in

88 2319 128 2368 Vl.
151 2314 253 2375 affirm:
278 2312 400 2367 Lenibat
424 2318 507 2368 distis
531 2321 659 2369 unimam
685 2319 880 2385 lacrymasque
906 2317 1014 2378 ciebat.)
1054 2317 1127 2371 Num
1204 2327 1209 2336 '

88 2385 200 2455 proprie
222 2387 307 2448 ciere,
324 2393 364 2435 est
380 2385 459 2436 alteri
477 2394 524 2437 aut
540 2387 664 2438 dolorem
682 2394 730 2438 aut
746 2387 880 2453 lacrymat
896 2399 1081 2438 commovere.
1093 2413 1127 2424 -

89 2461 145 2511 106.
167 2455 213 2503 Ad
232 2470 359 2570 pupnam
381 2455 523 2522 proludit5
548 2455 773 2524 praemeditatur.
808 2455 921 2506 Cicero:
947 2455 998 2505 Sin
1022 2455 1067 2522 (aL
1084 2454 1127 2516 si)

90 2540 197 2572 mecum
217 2525 253 2572 in
291 2539 323 2569 ac
341 2525 505 2588 prolusione
525 2525 599 2576 nihil
609 2523 715 2591 fueris,
733 2524 751 2574 i.
766 2539 788 2574 e.
805 2523 1053 2592 praemeditatione
1066 2541 1126 2577 eer-

88 2592 217 2656 taminis,
245 2591 337 2658 [quam
356 2603 380 2642 tc
400 2595 430 2642 in
451 2595 511 2658 ipsa
530 2611 626 2660 pugna
646 2609 712 2641 cum
728 2594 863 2644 acerrimo
883 2594 1047 2644 adversario
1061 2591 1127 2662 fore

89 2658 263 2725 putemurl]
281 2686 314 2695 -
351 2665 410 2717 107.
427 2661 547 2720 Saevum
563 2662 656 2714 tortis:
673 2676 752 2712 more
770 2677 834 2725 siro,
851 2660 905 2728 [vel
922 2658 1058 2727 magnus]
1091 2661 1127 2713 Et

88 2730 234 2797 ingentem
253 2728 476 2781 moderationem
493 2731 540 2781 dat
556 2733 679 2795 Aeneae,
703 2730 804 2798 quippe
828 2744 912 2796 quem
926 2730 1035 2782 inducit
1052 2729 1125 2795 laho-

88 2807 215 2862 rantem,
235 2805 266 2848 ut
283 2797 367 2864 possit
383 2798 410 2848 in
428 2799 502 2849 iram
520 2799 638 2863 moveri,
656 2815 720 2848 cum
735 2800 862 2848 Turnum
879 2797 918 2848 ita
934 2797 1009 2849 dicat
1025 2798 1128 2864 furere,

90 2876 117 2916 ut
141 2884 195 2918 nec
214 2865 311 2918 Latini
333 2867 467 2931 consiliis,
491 2885 543 2920 nec
560 2870 675 2919 Amatae
698 2866 823 2937 precihus
847 2865 932 2935 possit
954 2865 1075 2918 obedire.
1091 2893 1126 2904 —
1155 2906 1158 2913 .

90 2941 148 2991 108.
169 2936 260 2984 Acuit
273 2947 404 2999 martem3
423 2936 514 2988 irritat
529 2954 558 2988 se
575 2938 610 2988 ad
627 2938 719 2988 futura
733 2935 935 2986 cartemian-
972 2940 1032 2993 109.
1048 2935 1126 2988 Com·

89 3007 156 3068 poni
175 3005 297 3072 foedere
321 3006 440 3068 helim,-
465 2995 546 3057 finiri.
586 3006 622 3056 Ut
647 3005 807 3071 (1,“374·)ἕ
830 3004 900 3054 ΛΜ
926 3005 999 3054 ditm
1027 3006 1125 3057 clam

91 3082 359 3139 componet‘vesper
385 3074 504 3142 Olympo
512 3097 522 3137 ,·
548 3075 606 3142 [aut
629 3072 886 3140 camponi.bellum
910 3073 946 3126 ed
968 3073 1125 3143 pactionem

91 3141 239 3208 nngidaris
257 3143 415 3194 certaminis
439 3143 541 3194 bellum
561 3141 665 3195 deduci.
699 3142 809 3193 Foedus
826 3152 936 3205 autem,
957 3143 1028 3194 sicut
1043 3159 1075 3194 su
1093 3161 1125 3195 ru

91 3216 129 3273 (8,
147 3212 223 3271 641.)
242 3210 418 3274 dictumest,
435 3213 470 3262 ab
488 3213 575 3262 hostia
594 3227 664 3279 quae
682 3208 762 3261 laede
779 3211 904 3262 interimi
921 3212 990 3264 solet
1006 3228 1023 3262 a
1042 3162 1123 3279 pafla

89 3285 149 3327 tum
168 3287 218 3330 est.
257 3278 359 3332 Oblata
377 3288 470 3332 uitem
487 3282 629 3348 gaudens,
646 3277 854 3347 intelligendum
871 3279 1000 3331 nuntium
1016 3230 1126 3334 Xerxene

92 3350 194 3398 venisse
213 3347 251 3398 de
267 3347 403 3412 bello.]-
441 3355 501 3404 tto.
521 3349 593 3398 Tum
612 3351 705 3399 socios
724 3355 790 3406 etc.;
807 3346 993 3415 intelligimus,
1010 3348 1060 3400 hos
1076 3367 1125 3419 spe

91 3402 239 3486 singtilaris
250 3416 409 3468 certaminis
424 3433 474 3487 pro
490 3419 565 3469 ducis
582 3417 668 3468 salute
685 3434 743 3469 esse
760 3415 893 3468 turbatos.
926 3416 1012 3486 [Bene
1030 3427 1122 3472 autem

91 3486 226 3554 separavit
244 3487 391 3537 Ascanium
410 3504 424 3537 a
443 3487 537 3550 sociis3
556 3485 589 3538 de
606 3485 657 3537 illis
676 3486 749 3536 enim
769 3489 861 3536 socios
879 3486 959 3551 dixit,
976 3502 1032 3538 non
1050 3489 1123 3540 addi-

91 3553 128 3603 dit
150 3562 277 3617 metum,
310 3554 373 3621 quia
397 3556 544 3624 proprium
575 3562 636 3607 crat
664 3563 691 3606 et
714 3554 762 3605 filii
776 3562 814 3604 -ot
838 3554 917 3624 pueri
948 3555 1049 3609 timere
1073 3574 1125 3629 pro

91 3631 175 3690 patre.
193 3650 229 3660 —
269 3628 329 3679 111.
347 3622 416 3673 Fata
436 3626 554 3686 docens5
578 3639 693 3675 monens
711 3623 808 3691 quibus
833 3622 975 3676 condenda
998 3625 1065 3676 urbs
1082 3625 1124 3676 sit.

90 3692 152 3757 quid
176 3694 307 3742 futurum
331 3700 362 3741 ut
384 3693 492 3757 vincat]
526 3693 631 3750 Latino
651 3692 730 3742 Certa
758 3692 860 3760 referre
878 3696 970 3754 viros;
997 3690 1067 3747 nord
1092 3691 1123 3754 cd

91 3758 280 3830 sacravimus:
305 3761 388 3815 etiam
406 3762 535 3814 Latinum
553 3762 587 3812 ad
604 3767 726 3813 Aeneam
748 3763 851 3828 legatos
869 3764 974 3813 misisse
996 3760 1124 3830 intelligi-

92 3845 156 3881 mus.
190 3832 269 3881 Nam
295 3845 378 3896 supra
396 3834 472 3898 (75.)
498 3831 606 3882 Turnus
630 3839 736 3881 tanturn
763 3832 878 3882 dixerat:
904 3830 1036 3882 Nuntius'
1057 3831 1123 3881 haec

93 3899 226 3965 [ldmon],
248 3897 371 3964 Phrygio
390 3918 449 3948 mea
468 3901 542 3950 dicta
563 3901 706 3966 Tyranno.
741 3901 832 3967 [Certa
851 3910 958 3962 alitem,
975 3918 1026 3968 pro
1040 3900 1124 3950 firma

97 3976 117 4017 et
132 3988 203 4034 vera,
222 3976 273 4019 aut
290 3966 365 4018 certe
382 3968 431 4018 hos
449 3969 554 4038 legatos
566 3968 673 4019 Idmoni
687 3969 829 4019 adiunctos
838 3976 931 4038 potest
946 3966 1121 4035 intelligi]—

101 4044 145 4094 llt.
165 4038 253 4088 Pacis
272 4038 364 4088 dicere
382 4039 471 4105 ages,-
494 4039 530 4107 [i.
548 4036 598 4104 e.]‚
622 4053 689 4106 quas
705 4037 787 4107 paulo
804 4046 865 4105 post
889 4039 916 4088 in
933 4037 993 4103 ipso
1009 4035 1122 4089 loedere
1159 4030 1163 4039 ⁴
