2430 4620
1022 75 1029 99 Ι

913 166 925 189 Ι

157 222 163 228 ’
228 281 262 321 a
285 224 624 357 vireru‘oaoae.
647 258 678 332 1,
703 244 899 341 marton
1022 265 1086 331 roo

37 448 106 499 dem
132 445 216 512 loca,
238 445 438 515 qnaettertilia
458 453 534 511 sunt,
559 444 577 496 i.
602 463 626 496 e.
649 443 771 506 Moesia,
794 452 822 496 et
846 442 985 513 Gargara,
1015 460 1086 513 quae

34 519 169 581 ,dicturus
192 517 285 567 est-in
309 515 501 583 sequentibus,
524 522 631 565 certent
654 531 718 563 cum
740 513 788 563 illo
811 513 964 580 proventu]
997 515 1086 566 Nullo

38 599 156 635 tantum
184 603 215 634 se
233 584 358 635 Moesia
374 585 451 632 calta
477 585 578 645 iactat;
609 581 851 649 constat'quidem
875 584 1012 636 Moesiam
1036 585 1086 650 (al.

38 653 178 722 Mysiam)
197 654 272 704 circa
289 654 424 702 culturam
443 669 500 703 esse
519 652 693 717 diligentem:
721 652 770 701 sed
795 668 851 702 non
876 653 1006 703 ei'eultus
1023 660 1087 703 suits

38 732 153 774 tantiam
173 723 300 788 prodest,
323 722 459 788 quantum
483 721 606 771 hiberna
625 721 756 770 serenitas
774 721 813 786 [et
836 720 982 777 humidum
1000 721 1086 771 solsti-

38 790 132 855 tium]
170 791 281 842 Moesia
299 783 390 840 aute'm
408 789 546 859 provincia
564 798 604 839 est
620 790 817 855 [Thraciarum
835 789 922 840 vicina
940 788 1086 856 Scythiae]

38 861 131 927 Mysia
161 875 229 910 vero
254 859 346 909 civitas
364 857 512 927 Phrygiae,
536 857 609 907 haud
635 859 715 923 louge
733 876 749 908 a
768 858 868 907 Troia:
894 875 978 926 quam
996 859 1086 926 magis

39 930 181 980 debemus
213 928 342 997 accipere
366 934 479 996 propter
503 926 645 992 Gargara,
675 924 785 976 'rnarites
809 927 948 993 Phrygios.
989 928 1085 995 [Unde

42 1006 164 1066 apparet
189 1005 220 1048 et
243 998 272 1047 lir
297 996 359 1047 Asia
383 1013 440 1052 esse
464 996 608 1062 regionem
625 992 702 1063 'quae
726 995 831 1047 Moesia
855 997 970 1046 dicatur.
1015 995 1085 1047 Saue

41 1066 180 1134 Gargara
200 1065 429 1116 multi-auctores
448 1061 562 1127 Graeci,
586 1066 656 1114 sicut
679 1064 796 1115 Serenus
814 1064 1006 1117 Sanunbnicus
1031 1073 1085 1115 tra·

46 1135 100 1199 dit,
121 1135 300 1187 altitudinem
318 1133 515 1197 Idae·montis,
540 1141 569 1183 et
586 1150 635 1202 per
652 1133 707 1183 hoc
724 1132 833 1183 abusive
852 1148 948 1184 omnes
971 1132 1086 1191 ¹summi-

22 1216 26 1223 *
47 1211 114 1255 tates
129 1204 273 1254 montium
294 1201 424 1267 Gargara
443 1201 592 1272 appellant,
614 1218 672 1252 esse
692 1202 777 1253 etiarn
797 1200 927 1268 Gargara
946 1203 1085 1253 civitatem

50 1272 77 1320 in
96 1272 236 1324 radicibus
254 1271 317 1323 Idae
336 1268 435 1320 montis
452 1273 482 1321 in
500 1269 639 1338 provincia
658 1270 763 1321 Moesia
778 1270 870 1334 Asiae,
888 1274 901 1302 *
918 1287 1001 1339 quam
1020 1287 1087 1321 con·-

49 1349 100 1391 stnt
114 1341 284 1392 naturaliter
303 1340 480 1402 uliginosam,
504 1347 530 1386 ct
549 1338 583 1388 ob
608 1339 662 1389 hoc
685 1342 798 1406 frugum
815 1340 952 1403 feracem,
974 1340 1003 1391 in
1025 1348 1084 1391 tan·

48 1417 104 1458 tum
128 1418 162 1459 ut
186 1408 269 1459 multi
294 1414 392 1474 poetae
416 1407 516 1458 Graeci
538 1405 668 1474 Gargara
694 1402 803 1458 abusive
828 1424 878 1476 pro
904 1410 1019 1460 cuiusuis
1042 1406 1084 1459 rei
1132 1467 1139 1477 .
1187 1413 1191 1425 “

46 1477 226 1544 multitudine
244 1477 285 1528 vel
310 1477 389 1542 copia
412 1475 560 1545 posuerint.
595 1478 669 1543 Ergo
693 1483 783 1551 potest
801 1485 828 1526 et
845 1478 891 1527 hic
907 1495 999 1531 sensus
1018 1494 1085 1540 esse,

47 1555 76 1596 ut
99 1548 150 1597 sit:
184 1563 250 1596 cum
283 1564 314 1597 ea
339 1545 374 1595 sit
397 1545 462 1595 anni
491 1535 655 1610 impones,
685 1554 716 1595 ut
738 1545 827 1596 hiems
850 1563 947 1599 serena
978 1548 1025 1612 sit,
1056 1555 1086 1598 et
1123 1552 1126 1556 '

46 1615 193 1666 solstitium
210 1614 497 1677 humidum,'lructus
516 1615 620 1679 optime
639 1615 797 1683 provenire,
813 1615 882 1667 haec
901 1625 994 1667 utitem
1012 1616 1084 1666 adeo
1108 1650 1111 1654 Δ

48 1686 117 1750 agris
144 1700 207 1736 esse
235 1682 406 1744 necessaria,
429 1689 459 1730 ut
481 1682 539 1733 sine
564 1682 621 1746 his,
645 1701 679 1734 ne
702 1683 742 1733 illi
760 1682 872 1750 quidem
895 1684 1084 1737 fecundissimi

48 1753 258 1816 Moesiae⁸aeri
282 1749 440 1821 responsuri
462 1749 517 1800 sint
541 1751 857 1816 opinionilertilitatis,
888 1770 957 1820 quae
982 1747 1085 1812 dehis

47 1822 174 1874 habetur.
210 1821 320 1870 Moesia
335 1821 428 1885 culam
448 1820 528 1868 cultu
547 1828 640 1871 nutem
657 1820 719 1871 idco
737 1821 847 1887 addidit,
865 1830 997 1888 tanquam
1011 1821 1084 1873 dice·
1106 1832 1109 1837 '

49 1899 99 1942 ret:
125 1891 221 1940 omnis
231 1904 329 1957 seges,
354 1905 423 1956 quiae
442 1889 615 1956 tempestivos
633 1889 762 1957 humores
787 1889 930 1953 habuerit,
953 1890 1084 1958 aequabit

47 1959 208 2009 fecunditati
228 1974 357 2007 arvorum
373 1955 559 2020 Moesiorum,
576 1972 647 2022 quae
666 1959 827 2026 propterea,
844 1958 917 2024 quod
932 1974 987 2009 non
1001 1977 1083 2026 quae-

50 2035 108 2077 rant
123 2026 281 2078 solstitiales
298 2027 410 2089 imbres,
427 2025 475 2075 sed
487 2022 610 2075 ‘naturali
629 2033 655 2074 et
674 2026 784 2094 proprio
803 2026 920 2077 humore
937 2027 1082 2093 laetentur,
1121 2088 1124 2093 .
1189 2023 1192 2033 ¹

10 2116 12 2125 ·
49 2092 207 2145 maximum
226 2103 257 2147 et
269 2095 448 2164 praecipuum
467 2093 570 2142 cultum
587 2093 722 2157 habeant,
746 2102 774 2144 et
797 2093 835 2144 ite
853 2094 952 2145 uberes
969 2095 1008 2146 ibi
1026 2099 1082 2164 sru-

10 2192 14 2227 ;
50 2172 102 2213 ctus
120 2164 297 2230 proveniant,
313 2171 343 2212 ut
359 2160 555 2213 fecunditatem
573 2178 704 2228 agrorum
722 2178 838 2231 suorum
851 2163 936 2213 etiam
954 2164 1102 2233 Gargara·

10 2246 12 2273 ῑ
49 2231 101 2297 ips'a
118 2229 281 2294 mirentur]
298 2257 332 2267 -
368 2237 427 2287 103.
445 2231 477 2279 Et
497 2234 638 2280 mirantur
653 2230 783 2297 Gargara
803 2248 918 2295 messes;
939 2233 1083 2299 phantasia
1155 2260 1159 2269 ·

10 2310 12 2331 ²
51 2310 85 2351 est
107 2301 237 2367 poetica,
257 2298 491 2351 rei‘inanirnatae
515 2316 625 2365 sensum
643 2292 722 2353 dare:
748 2301 785 2363 sic
810 2299 875 2351 alibi
901 2302 979 2368 (G.'2
1012 2304 1096 2367 82·),2'
1139 2336 1143 2341 -

51 2369 237 2436 Miraturqug
251 2386 339 2418 novas
358 2367 494 2434 frondes,
512 2381 544 2418 et
562 2386 618 2436 non
644 2387 697 2417 sua
717 2388 807 2433 poma.
841 2368 923 2437 [Sane
940 2341 1081 2423 Ruhellius

10 2436 17 2487 .“
51 2436 183 2502 Blandus,
215 2445 241 2487 et
266 2436 461 2503 Quadrigarius
491 2437 614 2487 historici
639 2437 752 2502 dicunt,
785 2439 942 2505 Gargarum
974 2441 1080 2493 flumen

51 2507 137 2556 vocari
163 2506 194 2556 in
218 2505 316 2555 linibus
341 2505 472 2555 Thurinis
488 2508 502 2536 *
518 2506 612 2556 fuisset
637 2506 748 2572 (Burm.
771 2508 910 2558 Thurinis.
951 2509 991 2560 Ad
1014 2508 1082 2560 illud

50 2575 137 2635 luisse)
167 2575 300 2642 oppidum
325 2573 479 2635 mediocre,
504 2575 576 2640 quod
602 2573 697 2639 Garga
722 2592 796 2627 nunc
821 2577 895 2628 vicus
919 2585 972 2639 est,
998 2594 1081 2644 quem
1116 2596 1119 2601 ·

51 2641 133 2694 Troes
152 2642 263 2692 obscuri
279 2651 391 2693 eentum
410 2641 606 2710 quinquaginta
630 2645 724 2709 ignoto
750 2652 776 2695 et
799 2644 906 2696 incerto
925 2643 993 2695 duce
1010 2647 1081 2697 inse-

51 2709 161 2775 derunt,
186 2711 288 2764 scilicet
311 2712 423 2761 nomine
447 2728 464 2761 a
488 2710 587 2761 vertice
604 2712 685 2762 Idaeo
710 2714 897 2785 translatomo
917 2728 972 2779 quo
988 2712 1081 2763 civitas

52 2780 130 2831 etiam
155 2781 185 2830 in
211 2779 309 2829 linibus
328 2778 434 2828 Troicis
453 2776 583 2845 Gargara
608 2780 769 2846 appellatur.
787 2813 818 2822 -
856 2786 915 2837 wal.
934 2780 1011 2846 Quid
1035 2783 1079 2831 dt-

52 2863 122 2911 cam,·
142 2842 299 2901 oratorium
316 2848 442 2912 schema,
465 2848 602 2913 quaedam
627 2865 770 2912 recusare,
797 2850 872 2917 quasi
890 2866 943 2900 uon
964 2849 1080 2902 sufficiat

51 2917 196 2976 materiae,
222 2916 320 2969 deinde
343 2918 465 2977 referre,
493 2923 520 2966 et
543 2917 609 2982 quid
625 2917 730 2980 dicam,
757 2918 988 2986 quemadmodum
1007 2918 1081 2970 iuvat

51 3003 125 3049 arva,
152 2984 201 3052 qui
225 2983 397 3052 insequitur]
433 2983 612 3048 Comminus,-
636 2986 653 3035 i.
679 3006 701 3036 e.
726 2987 834 3050 statim,
859 2986 916 3036 sine
941 2988 1080 3039 intermis-

49 3056 130 3105 sione.
167 3053 247 3120 [Non
259 3063 299 3104 est
316 3069 382 3119 ergo
401 3069 432 3102 er
450 3055 618 3122 propinquo,
646 3054 693 3120 qui
710 3056 874 3117 significatus
893 3057 1081 3122 frequentissi-

49 3138 105 3173 mus
124 3121 212 3173 estin
231 3122 368 3190 Cisalpina
387 3120 490 3178 Gellia3
515 3121 595 3188 vulgo
620 3125 695 3173 enim
719 3124 828 3175 dicunt:
851 3124 920 3173 uada
946 3125 982 3172 ad
1007 3144 1080 3192 eum,

48 3194 90 3241 sad
109 3193 287 3257 comminus:
312 3191 383 3241 uude
403 3190 527 3251 Virgilius
551 3193 640 3257 magis
664 3193 783 3258 patriam
800 3193 1024 3243 consuetudinem
1042 3196 1080 3244 vi·

48 3259 122 3311 detur
142 3267 259 3309 secutus.
293 3261 406 3310 Veteres
419 3259 494 3308 enim
511 3275 566 3310 non
585 3259 613 3309 iu
632 3268 766 3328 tempore,
783 3259 871 3312 sedin
887 3261 946 3310 loco
963 3267 1078 3315 commi·

48 3346 98 3378 nus
122 3327 281 3397 ponebant,
304 3328 322 3378 i.
341 3347 363 3377 e.
386 3327 474 3390 iuxta,
499 3334 529 3375 ut
554 3336 594 3378 est
617 3322 660 3392 (G.
680 3337 711 3390 3,
727 3330 813 3388 stt-t:
839 3328 1004 3380 Comminus
1030 3335 1077 3383 oh.

47 3408 180 3447 truncant
192 3397 291 3463 ferro;
311 3396 356 3445 cui
373 3394 544 3446 contrarium
562 3403 602 3446 est
619 3400 746 3464 eminas,
764 3398 780 3447 i.
801 3396 824 3449 e.
840 3397 930 3465 longe.
949 3426 983 3434 -
1019 3407 1078 3458 μιῇ.

45 3466 226 3533 insequitur3
252 3465 441 3532 prosequitur,
466 3472 493 3515 et
510 3479 566 3515 non
584 3465 649 3514 sinit
666 3467 825 3534 quiescere]
861 3465 946 3524 Ruta
973 3471 1080 3534 evertit,

44 3535 167 3600 dissipat:
202 3535 274 3583 Nam
293 3533 376 3582 modo
394 3533 499 3598 agentis
517 3540 563 3582 est.
599 3533 634 3587 Ut
651 3538 726 3600 (A.1,
745 3536 810 3595 Sjl:
831 3534 902 3597 Una,
919 3536 1077 3602 Eurusque,

42 3603 192 3669 Notusque
219 3614 312 3664 ruunt.
346 3602 419 3652 Nam
437 3600 516 3650 aliter
534 3601 638 3651 dictum
655 3612 695 3654 est
720 3608 762 3667 (2,
779 3605 869 3664 2t't0.):
896 3603 1039 3655 Ruitraho
1059 3624 1078 3654 a

44 3679 70 3736 (a
88 3674 179 3722 omitt.
204 3670 236 3722 L.
254 3673 283 3721 V.
304 3671 374 3730 aas.)
397 3671 520 3720 culmine
546 3670 642 3723 Traia.
678 3671 755 3722 Male
778 3676 914 3740 pingius,-
936 3689 993 3724 non
1016 3673 1078 3740 pin-

68 3860 120 3910 105)
151 3861 219 3899 Guell.
234 3862 249 3898 1.
263 3870 309 3911 post
323 3865 398 3903 sterilis
412 3863 439 3900 ita
454 3863 528 3912 pergit:
550 3865 603 3903 mole
614 3876 653 3913 pro
668 3877 722 3911 νυνι,-
742 3873 761 3902 et
775 3868 804 3903 ita
818 3880 877 3915 saepe
887 3865 946 3913 savin
976 3863 1078 3913 Deinceps

127 3933 172 3956 cum
190 3919 257 3956 (lueis.
271 3921 295 3956 11.
308 3921 358 3957 hacc
373 3922 431 3957 adu:
451 3923 501 3959 nau
516 3928 582 3959 numu
598 3920 681 3965 evertit,
703 3921 792 3970 dissipat.
813 3937 859 3960 naor
874 3925 933 3960 inodo
949 3923 1023 3968 agontii
1040 3929 1076 3964 cst,
1152 3933 1153 3936 ’

125 3983 160 4012 ut:
182 3989 225 4014 una
245 3990 344 4028 caraeque
362 3979 475 4030 notlmsque
496 3985 565 4018 ruunt.
585 3991 631 4017 arm
650 3978 708 4017 alitor
722 3979 798 4020 dictam
812 3987 853 4019 est:
874 3978 1076 4034 restaurabatur

123 4034 186 4072 uara
424 4035 430 4055 l
