2430 4620
250 317 306 359 us
327 296 484 361 VIRGIL.
506 297 662 361 BUCOL.
684 294 885 375 x,·4-11·
1033 311 1097 376 163

45 481 193 543 Sicanost
222 481 297 534 varia
314 483 390 537 enim
407 482 499 553 opinio
518 492 565 536 est.
607 483 680 536 Nam
697 484 743 537 alii
762 481 855 536 dicunt
871 487 905 537 ad
921 488 1094 556 Arethusam,

46 552 218 619 Nympham
235 551 351 617 Siciliae,
367 552 503 619 Alpheum
521 552 636 604 fluvium
655 553 688 603 de
706 554 784 606 Elide
802 554 904 620 (Guell.
921 557 940 607 l.
957 557 1091 621 Alpheum

50 622 153 684 elidis,·
175 620 272 674 Guell.
283 623 315 673 11.
331 623 365 675 al.
378 623 458 690 Alph.
471 624 552 684 elide)
566 626 659 674 venire
673 640 723 693 per
739 616 843 674 theria:
859 624 1011 677 secsmdum
1024 634 1092 695 quos

48 690 137 758 [alibi]
161 692 206 756 (A.
228 699 260 754 3,
277 693 352 754 694)
376 692 454 744 dixit:
477 692 611 758 Alpheum
631 692 715 760 sama
734 705 773 743 est
797 691 852 743 lsuc
869 690 963 744 Elidis
980 713 1091 747 amnem

49 759 191 811 Occultos
210 761 302 826 egisse
320 763 384 811 vias
403 762 496 812 subter
515 779 598 812 mare.
631 761 685 812 Alii
701 759 809 825 dicunt,
825 761 835 811 i
855 777 915 812 sam
927 764 1092 819 Arethusam

47 828 102 880 iam
120 828 155 879 in
175 829 290 881 fontem
306 826 446 882 mutatsm'
455 831 591 900 Alpheum
608 831 717 896 fugere,
735 838 764 882 et
781 830 814 881 de
845 830 905 882 'lide
922 833 957 883 ad
969 831 1091 888 Siciliam

47 899 160 950 venire:
185 898 265 965 quod
286 914 361 949 nunc
386 907 425 950 est
448 908 563 950 secutus.
597 897 680 966 [Saue
702 897 802 949 dicitur
819 900 940 966 quodam
962 909 1092 970 tempore

47 975 146 1035 patera
181 984 271 1029 astrea
299 967 329 1018 iu
352 967 484 1019 Arethusa
514 969 625 1019 iuventa
650 982 735 1033 quam
760 966 964 1035 Olympionices
992 971 1022 1023 iu
1045 971 1091 1024 hl.

47 1038 154 1119 pheum
175 1036 302 1101 miserat,
318 1043 347 1087 et
363 1053 427 1088 cuns
443 1037 588 1104 Olympiae
601 1036 705 1088 hostiae
718 1035 878 1101 caeduntur,
894 1052 977 1089 uuor
990 1055 1090 1093 aarum

49 1122 78 1157 m
98 1105 246 1177 Alpheum
268 1105 373 1156 inlusus
396 1106 426 1156 in
448 1105 614 1156 Arethusam
639 1104 700 1156 exit
753 1103 888 1171 sicanas,
913 1105 1003 1159 Sicilia
1025 1116 1090 1165 ante

54 1174 158 1227 Sicania
174 1174 269 1238 dicta,
286 1192 303 1225 a
320 1172 418 1226 Sicano
434 1182 527 1226 terrae
544 1171 620 1236 filia]
638 1181 683 1210 -'
707 1180 731 1231 5.
748 1171 839 1223 Doris
857 1192 972 1241 amara,·
996 1185 1088 1231 mater

54 1243 248 1315 Nympharum
267 1250 321 1295 est:
345 1259 427 1310 quam
445 1258 497 1310 pro
515 1241 587 1292 mari
603 1240 706 1310 posuit,
728 1241 782 1309 [vel
797 1241 880 1293 Doris
898 1242 1002 1296 Oceani
1025 1246 1090 1313 filie,

55 1312 148 1365 souitu
166 1305 279 1376 Nerei]
294 1338 330 1349 —
363 1318 389 1369 6.
406 1311 564 1372 Sollicitas5
589 1310 760 1374 sollicitatos,
782 1311 877 1378 plenos
900 1313 1089 1368 sollicitudinis

51 1389 110 1448 post
131 1381 294 1450 Cytheridis
324 1380 494 1441 abscessum,
523 1394 607 1447 quam
638 1378 804 1446 Lycoridem
835 1388 919 1439 vocat.
953 1383 1090 1447 ,Puerum

50 1460 142 1502 autem
169 1465 231 1501 uno
259 1457 385 1518 tempore
408 1448 514 1499 nobiles
537 1447 697 1499 meretrices
721 1454 791 1499 tres:
822 1449 961 1516 Cytheris,
991 1451 1088 1520 Origo,

48 1518 212 1571 Arbuscula.
259 1519 388 1569 Horatius
417 1517 520 1584 (Serm.
546 1523 575 1580 1,
600 1522 649 1580 10,
672 1515 746 1578 77.):
776 1517 900 1584 Esplosa
926 1520 1087 1573 Arbuscula

49 1588 128 1639 disis.
173 1587 253 1639 Idem
278 1585 361 1654 (ibid.
385 1590 416 1649 1,
439 1594 471 1650 2,
496 1585 570 1648 55.):
598 1584 633 1634 Ut
656 1586 797 1651 quondam
821 1585 953 1638 Marseus
977 1603 1087 1642 amator

49 1656 205 1727 Originis,
233 1656 298 1719 ille,
322 1654 382 1721 Qui
404 1657 529 1722 patrium
555 1655 656 1703 mimae
681 1654 769 1734 donat
785 1654 968 1723 fundumque
985 1660 1086 1710 larem·

47 1743 176 1846 tt}
192 1724 532 1859 ,tsitmtzrmitttlh
549 1730 945 1860 §zisttshusat‘tli
962 1727 1085 1853 iiiiii

48 1863 202 1931 praecipue
228 1880 242 1912 a
263 1863 339 1914 ibus:
372 1855 435 1929 [Ὧι
450 1860 545 1929 elissa
562 1857 594 1912 αἰ
609 1865 686 1928 σιμαὶ
709 1854 861 1928 λειμισνὸθε
879 1865 980 1931 φέρβοι
1003 1858 1086 1917 iaicas

47 1930 157 2001 Kldpav
184 1928 213 1991 ic
237 1927 331 1985 αὸεἲαν
353 1928 485 1999 μαλακοῖς
508 1927 619 1983 ἄνθεσαι
640 1927 769 1998 μέλισσαι.
816 1930 853 1981 Et
875 1933 967 1983 dicens
995 1934 1084 1988 simas

47 2003 169 2071 virgulta
186 2001 323 2068 capellae,
347 2002 392 2052 hic
409 2004 521 2068 poitam
540 2000 617 2068 quasi
633 2008 780 2066 pastoremx
791 1999 902 2067 posuit]
919 2031 951 2041 -
987 2007 1012 2058 8.
1029 2001 1084 2054 Re·

10 2122 12 2127 .
50 2072 189 2139 mandens
215 2073 323 2121 amnia,
338 2071 440 2132 silvae;
465 2087 516 2137 per
532 2069 624 2132 Echo,
646 2068 664 2118 i.
685 2085 708 2119 c.
730 2068 1009 2137 vocisfimitationem
1032 2086 1083 2122 nos

10 2130 15 2153 ¹
48 2140 265 2211 [conholamurt
287 2141 329 2208 [et
351 2139 424 2190 urire
448 2138 581 2190 brevitate
604 2153 698 2188 sensus
720 2136 801 2189 huius
823 2138 914 2188 vers'us
938 2137 1083 2207 explicatus

49 2208 107 2275 est]
141 2207 227 2275 Quae
246 2225 377 2271 nemora,-
394 2207 469 2275 [hinc
487 2224 601 2258 carsuen
617 2206 731 2261 videtur.
756 2199 826 2270 'Est]
843 2205 979 2272 qssaedam
987 2206 1084 2259 'Pheo-

50 2279 110 2331 aisa·
128 2282 178 2344 (1,
193 2276 251 2341 66.)
277 2277 373 2344 ecloga
401 2277 487 2342 (fuit),
510 2276 539 2327 in
557 2292 611 2344 qua
628 2288 690 2324 suos
707 2290 816 2325 amores
833 2274 938 2326 deflere
955 2274 1081 2344 Daphnis

49 2344 206 2410 inducitur,
229 2345 283 2414 [vel
299 2346 331 2396 sit
347 2344 408 2410 alii,
431 2344 546 2412 quidam
568 2351 662 2414 pastor
678 2342 807 2413 Daphnin
825 2358 922 2395 amore
938 2354 1083 2396 mortuum

48 2410 153 2501 aflet]
188 2414 275 2465 Huius
291 2429 405 2466 omnem
423 2414 551 2465 ordinem
567 2414 603 2464 sd
619 2413 690 2463 hanc
708 2412 832 2478 eclogam
855 2413 1007 2471 transtulit:
1032 2409 1084 2469 Hei

10 2450 28 2555 i
48 2480 110 2537 κᾶτ’
132 2476 181 2551 αρ’
201 2473 267 2549 ἧσθ’
290 2475 341 2534 iissa
363 2479 465 2551 Δάφνις
488 2478 617 2544 irrisero,
638 2476 679 2532 παῖ
702 2475 776 2531 ardua
793 2476 926 2550 Νύμφαι,
946 2472 992 2534 Ἢ
1012 2479 1082 2549 narsi

49 2555 161 2622 Ilpsesa'i
177 2549 246 2605 salai
266 2550 391 2620 Τέμὲτεα,
410 2547 513 2619 faarai
527 2547 629 2607 Πίνδσι.
643 2576 676 2613 5-
711 2555 736 2606 9.
753 2550 848 2600 Saltus
867 2552 986 2600 habuere
1004 2555 1082 2617 puel.

50 2626 93 2677 lae
109 2623 257 2687 Naiadas,-
279 2623 420 2692 Nymphas
441 2622 603 2690 simpliciter
626 2616 801 2687 accipiamus.
833 2620 906 2670 Nam
929 2619 952 2669 si
956 2623 1082 2740 &stapris

46 2692 225 2763 loqueretur,
251 2691 374 2743 Oreades
391 2690 502 2743 diceret.
537 2689 664 2740 Naiadas
681 2688 773 2751 enim,
795 2685 927 2739 fontium:
985 2691 1081 2742 reades

48 2762 207 2826 montium,
231 2759 381 2835 [Dryades
404 2758 547 2824 arborum]
572 2756 717 2826 Nymphae
740 2763 811 2806 sunt.
845 2757 915 2808 Sane
933 2756 997 2823 quia
1014 2759 1081 2810 dixi·

48 2846 110 2883 mus
126 2830 250 2891 eusdem.¹
257 2831 315 2881 esse
332 2829 487 2897 Nymphas,
510 2843 576 2896 quas
594 2823 699 2893 (etiam)
717 2823 823 2888 Musas,
847 2825 952 2875 videtur
969 2824 1022 2876 hoc
1039 2826 1080 2878 di·

10 2900 28 2923 ⁹·
49 2914 130 2966 cere,
153 2898 235 2967 quia,
257 2898 281 2947 si
297 2913 363 2948 cum
385 2898 444 2968 ipso
461 2897 575 2948 fuissent
590 2895 701 2957 Musae,
723 2893 742 2944 i.
758 2911 798 2956 a,
820 2891 843 2942 si
860 2892 998 2945 dedissent
1014 2909 1080 2965 ape-

10 2924 23 3023 i
47 2984 111 3021 rsus
126 2966 280 3019 scribendis
301 2966 484 3029 carminibus,
507 2981 562 3016 non
581 2962 720 3015 incidisset
743 2961 773 3012 in
791 2968 886 3027 ,tantas
904 2961 1006 3013 amoris
1029 2979 1078 3015 sn-

10 3024 23 3107 Ι
111 3037 165 3089 'ass
188 3034 232 3087 vel
255 3051 305 3086 cur
327 3052 391 3087 eum
409 3041 549 3087 amantem
566 3031 663 3083 Musae
679 3030 863 3095 deseruerint,
885 3046 948 3080 cum
964 3040 1080 3113 propter

10 3112 20 3137 t
48 3106 194 3169 maenium
212 3118 310 3165 earum
327 3112 396 3156 esset
411 3102 531 3154 antistes.
549 3127 583 3140 -
625 3107 667 3156 10.
685 3098 823 3165 indigam
849 3098 891 3151 vel
907 3103 1080 3166 meretricio,

45 3174 218 3242 telmsgno.
253 3171 327 3224 Nam
345 3180 374 3223 et
389 3171 493 3223 Ennius
511 3171 563 3236 ait,
587 3169 726 3234 Indignas
743 3180 842 3218 turres.
876 3168 896 3218 Ι.
914 3186 937 3220 e.
954 3185 1078 3236 magnas.

51 3240 113 3362 Hip
136 3243 277 3310 indiguo,
298 3258 354 3293 uon
378 3241 442 3310 quia
460 3239 585 3308 Cytheris
609 3237 724 3305 pulchra
746 3253 802 3287 uon
819 3237 918 3301 fuerit,
943 3237 991 3289 sed
1013 3237 1079 3305 quia
1103 3254 1105 3263 ¹

113 3327 142 3362 us
166 3312 203 3364 ab
229 3328 261 3362 ea
285 3317 392 3379 spretus
414 3308 468 3375 sit]
487 3335 520 3346 -·
560 3314 603 3364 11.
626 3305 702 3356 Nam
727 3321 813 3370 neque
836 3302 974 3357 Parnassi
996 3308 1079 3358 sabis

56 3378 120 3447 iuga
138 3397 205 3431 nam
225 3397 312 3448 neque
329 3378 415 3429 Pindi
421 3402 431 3444 ,-
454 3379 601 3430 Parnassus
614 3389 698 3441 supas
714 3373 857 3440 Boeotiae,
872 3373 974 3426 Pindus
993 3375 1079 3428 Thes·

10 3594 23 3637 p
80 3569 102 3622 4)
125 3556 331 3625 Pro¹OIympshniess
345 3579 383 3610 etc.
410 3572 475 3611 Dara:
500 3571 654 3622 Olympionistes
667 3591 680 3602 ·
694 3592 707 3602 -
721 3571 830 3619 miheraut5
850 3569 909 3610 Fshr.
929 3568 986 3610 Bsnl.
1001 3575 1022 3608 ct
1040 3569 1079 3610 sl..
1161 3606 1164 3613 ,

136 3633 288 3683 Olympiom'des
308 3631 414 3679 (Vossiust
439 3628 587 3679 Olymps'essses)
614 3649 627 3659 -
646 3649 659 3659 -
680 3630 783 3666 miserant.
818 3628 872 3666 Dein
891 3630 956 3666 Dan:
986 3638 1078 3666 cruorem

134 3693 199 3727 araim
215 3686 226 3708 *
241 3692 263 3728 iss
276 3691 319 3735 A.‚·
338 3688 363 3725 sl.
378 3698 450 3725 cruore
464 3688 519 3724 ‚nari
536 3687 558 3723 ia
572 3688 600 3723 A.
628 3685 710 3721 Salmas.
724 3686 798 3722 Exere.
816 3684 870 3729 Plia,
887 3696 906 3733 p.
921 3682 970 3722 491.
990 3690 1079 3720 nostram

132 3746 189 3784 dedit
202 3744 316 3782 lectionum.
344 3743 438 3781 Vossius:
462 3754 553 3780 cruorem
568 3753 652 3779 ursarum
666 3743 687 3779 in
700 3743 728 3780 A.
743 3740 835 3789 ursarum
849 3741 870 3779 in
884 3743 1009 3780 Arethusam
1024 3741 1079 3779 exire

133 3802 194 3852 (Dan.
209 3802 283 3849 exeat).
312 3800 342 3839 Cl-
356 3801 416 3838 stiam
429 3796 534 3836 Mimakes.
549 3800 575 3837 sd
589 3799 680 3847 Fulpeut⁴
693 3799 725 3834 ΠΙ.
739 3799 776 3834 ult.
795 3801 866 3835 Burm·

27 3866 33 3883 Ἰ
87 3880 105 3930 i)
126 3885 147 3922 hs
160 3886 207 3922 laco
222 3884 273 3920 Hor.
287 3880 396 3930 posteriora
414 3879 447 3918 illi
459 3891 496 3928 pro
511 3878 545 3916 ills
559 3878 605 3916 hab.
620 3880 686 3926 Dan,
701 3876 748 3916 dein
761 3878 786 3915 L.
797 3879 880 3927 patrias
894 3874 995 3916 minimae.

10 3958 15 3965 ’
30 3964 34 3969 “
85 3962 114 4014 10)
138 3969 177 4005 Pro
192 3973 262 4004 turres
277 3963 322 4000 cod.
336 3960 418 4001 Ursini:
432 3967 530 4000 turtures.

10 4064 41 4103 p
83 4047 112 4095 11)
139 4043 428 4098 Guslf-l.11.sl.neq.1'.,·
448 4047 525 4080 montes
543 4036 658 4079 Thessaliae
672 4042 719 4076 sans
734 4035 804 4088 Apoll.
819 4040 856 4072 etc.

820 4140 875 4198 11*
