2430 4620
237 289 273 330 a
297 258 460 366 vincin-
478 261 636 333 ancon.
657 269 748 343 vm,
768 266 923 340 at-tr.
1001 334 1006 341 .
1039 272 1102 341 tat

62 451 171 503 cultum
185 453 313 519 corporis
325 454 444 507 ostendit
459 454 649 506 fortitudinem
666 470 752 510 suam,
788 452 985 520 Promissaqne
998 456 1102 519 larba,-

43 522 79 572 τὶ.
95 539 120 571 e.
143 520 276 572 demissa.
294 548 328 559 -
369 529 412 580 35.
430 523 487 574 Nec
513 539 611 574 curare
636 525 717 572 deum
743 523 835 573 credis
858 524 990 573 mortalia
1016 540 1101 589 quets-
1171 562 1174 570 .

39 582 145 661 (qnam
154 610 167 653 ,-
191 590 325 655 superbia
341 598 389 659 tua
407 591 539 643 damnata
563 600 604 643 est
620 592 694 660 turpi
711 591 828 656 marito,
851 590 917 641 dum
936 591 1025 642 eredis
1041 591 1103 643 nul-
1143 587 1147 599 ’

59 657 116 707 lum
135 656 261 708 deorum
280 675 378 711 curare
397 660 526 711 mortalia
545 659 673 726 [ostendit
689 659 728 725 *].
762 657 852 726 Quam
869 675 932 710 rem
949 659 1101 710 secundum

59 724 167 775 Stoicos
183 722 262 776 dixit.
295 727 437 793 [Mortalia
453 743 517 778 vero
535 732 548 761 *
565 766 571 777 .
590 766 597 779 .
615 726 689 791 .]-
724 735 766 784 37.
783 727 909 778 floscida
928 729 1021 791 mala,-
1043 738 1102 781 ma·

59 792 142 844 tutini
167 793 245 844 roris
268 793 388 847 humore
405 798 526 863 perlusa.
559 795 640 864 [Saue
666 796 738 846 node
754 795 844 847 Melus
862 795 970 847 Graece
987 796 1103 848 traxerit

59 877 182 925 nomen,
205 862 302 913 fabula
319 865 381 914 talis
399 873 454 917 est:
478 864 568 916 Melus
585 864 697 932 quidam
714 864 744 914 in
760 862 830 915 Delo
846 863 934 914 insula
951 871 1041 927 ortus,
1056 882 1102 916 re-

59 929 122 981 licta
139 930 238 996 patria
256 931 329 998 fugit
345 933 380 983 ad
395 932 513 983 insulam
531 935 662 1000 Cyprum,
678 933 706 983 in
725 947 779 998 qua
797 939 975 998 cotempore
987 933 1101 999 Cinyras
1185 942 1190 949 ‘

59 998 215 1067 regnabat,
238 996 345 1052 habens
370 1001 458 1052 filium
481 1002 621 1052 Adonem:
648 999 695 1051 hic
718 1000 826 1051 Melum
852 1002 987 1052 sociatum
1010 1000 1100 1053 Adoni

56 1068 111 1119 tto
129 1067 217 1119 iussit
235 1084 309 1132 esse,
327 1084 446 1138 cumque
464 1086 530 1121 eum
547 1071 653 1121 videret
669 1086 727 1121 esse
744 1069 842 1119 indolis
859 1068 964 1133 bonae,
988 1069 1101 1140 propin

49 1152 141 1202 -quem
162 1151 247 1186 stram
264 1136 385 1188 dicatam
402 1146 429 1191 et
444 1138 534 1206 ipsam
554 1138 661 1202 Veneri,
678 1153 749 1204 quae
765 1137 839 1188 Pelia
856 1137 1007 1202 dicebatur,
1024 1136 1100 1189 Melo

67 1204 221 1257 emunxit:
245 1205 286 1255 Ex
304 1206 402 1271 quibus
422 1207 544 1258 nascstur
560 1206 666 1269 Melus,
687 1221 772 1273 quem
796 1212 942 1274 propterea
959 1206 1032 1273 quod
1049 1207 1101 1258 Ve'·

67 1288 110 1323 uris
129 1271 241 1324 Adonis
264 1287 363 1326 umore
387 1281 542 1338 teneretur,
565 1283 698 1341 tanquam
720 1273 807 1325 amati
830 1274 918 1326 lilium
941 1274 1015 1325 inter
1038 1291 1102 1327 aras

10 1342 16 1347 '
63 1356 161 1410 praece
183 1341 207 1391 it
224 1342 333 1393 nutriri.
366 1341 418 1394 Sed
443 1351 586 1413 postquam
604 1341 706 1397 Adonis
728 1343 790 1412 apri
813 1343 871 1393 ictu
894 1344 1027 1394 extinctus
1050 1350 1103 1408 est,
1156 1346 1160 1353 '

10 1438 12 1446 ν
61 1424 138 1462 senex
194 1408 253 1461 elus
270 1427 336 1460 cum
353 1410 477 1462 dolorem
494 1413 592 1463 mortis
604 1410 704 1462 Adonis
720 1412 796 1463 ferre
812 1426 868 1462 non
886 1418 984 1481 posset,
999 1410 1098 1478 laqueo

61 1478 148 1542 select
175 1477 312 1530 arborem
335 1481 500 1547 suspendens
523 1481 607 1532 vitam
632 1480 709 1544 linit,
731 1496 762 1531 ex
779 1480 857 1530 cuins
880 1480 992 1530 nomine
1008 1479 1099 1531 Melus

62 1545 216 1616 appellenis
233 1555 285 1597 est.
318 1547 393 1600 Pelia
417 1556 512 1601 antem
528 1550 626 1599 coniux
643 1548 701 1599 eius
725 1547 755 1598 in
774 1565 807 1601 ca
830 1547 932 1599 arbore
949 1548 1100 1621 seladpen·
1160 1597 1164 1607 ,

10 1634 13 1639 ·
61 1615 126 1667 dens
142 1622 248 1666 necata
266 1621 316 1666 est.
348 1617 437 1668 Venus
454 1617 644 1669 misericordia
662 1632 760 1666 eorum
776 1617 876 1669 mortis
891 1617 987 1680 ducta,
1008 1614 1098 1667 Adoni

10 1696 16 1751 ζ
61 1683 169 1735 luctum
200 1684 365 1734 continuum
394 1687 537 1752 praestitit.
585 1685 693 1737 Melum
721 1684 752 1735 in
774 1701 890 1754 pomum
914 1685 956 1735 sui
977 1685 1098 1735 nominis

10 1756 18 1779 ²
62 1751 160 1815 vertit,
190 1751 297 1815 Peliam
321 1755 467 1822 coniugem
491 1756 549 1805 eius
577 1754 607 1804 in
641 1752 800 1804 columbam
832 1753 960 1804 mutavit:
990 1752 1098 1803 Melum

63 1827 158 1871 autem
180 1834 317 1889 puerum,
348 1821 396 1889 qui
418 1822 453 1873 de
467 1823 596 1890 -Cinyrae
626 1836 729 1888 genere
751 1821 823 1873 solus
846 1827 1004 1888 supererat,
1023 1834 1098 1871 ‘cum

64 1887 190 1940 adultum
207 1878 317 1940 vidisset
333 1890 446 1942 collecta
462 1896 553 1942 ment!
570 1889 662 1941 redire
684 1889 719 1940 ad
735 1889 838 1941 Delum
860 1888 1009 1958 praecepit.
1044 1887 1099 1955 Qui

63 1973 128 2006 cum
154 1957 190 2009 ad
212 1956 332 2007 insulam
354 1958 535 2028 pervenisset,
557 1966 586 2010 et
602 1975 697 2010 rernm
714 1967 785 2009 esset
806 1958 847 2010 ibi
863 1958 978 2025 potitus,
1001 1956 1097 2007 Melon

66 2025 189 2077 condidit
210 2025 366 2078 civitatem:
391 2035 417 2078 et
441 2044 506 2077 cum
530 2027 635 2093 primus
658 2041 722 2078 oves
744 2028 866 2090 tonderi,
890 2034 918 2077 et
940 2032 1043 2075 vestem
1062 2025 1099 2076 de

66 2094 132 2145 lanis
156 2093 221 2145 fieri
242 2092 415 2160 instituisset,
439 2096 556 2155 meruit,
579 2102 609 2144 ut
632 2095 689 2145 eitrs
713 2097 826 2147 nornine
843 2110 905 2146 oves
929 2090 1003 2160 μῆλα
1020 2108 1097 2143 voca—
1168 2115 1171 2119 ⁷

67 2170 177 2222 rentur;
201 2162 310 2215 Graece
334 2163 410 2216 enim
427 2178 490 2216 oves
506 2160 580 2231 μῆλα
597 2163 791 2232 appellantur]
806 2189 840 2201 -
882 2170 926 2219 38.
951 2162 1019 2210 Dux
1045 2180 1095 2226 ego

67 2244 154 2281 vester
177 2248 270 2290 eram,
295 2239 342 2282 aut
364 2232 415 2282 dux
438 2233 519 2300 [vos]
543 2233 700 2302 praeibam,
731 2241 778 2289 aut
800 2230 915 2300 repelles
939 2230 1095 2296 alloquitur.

68 2299 146 2366 {Cum
166 2311 255 2349 matre
273 2301 420 2366 legentem,⁸
444 2302 520 2354 deest
542 2316 713 2368 pronomen,
736 2308 765 2353 et
786 2301 849 2354 ideo
872 2299 914 2352 vel
931 2299 1032 2364 huius,
1055 2297 1097 2349 vel

69 2370 175 2433 paellae
192 2380 308 2418 matrem
325 2368 478 2439 intelligere
494 2368 656 2441 possumus]
672 2395 705 2405 -
740 2375 784 2426 39.
801 2370 876 2420 Alter
893 2370 928 2419 ab
948 2368 1095 2418 undecimo

69 2450 122 2486 tum
141 2454 185 2487 me
202 2439 262 2487 inm
287 2449 394 2502 ceperat
417 2456 527 2498 annus3
551 2437 569 2488 i.
587 2456 609 2489 e.
634 2438 731 2489 tertius
754 2437 884 2490 decimus.
919 2437 994 2487 Alter
1019 2435 1095 2486 enim

70 2506 99 2557 de
115 2506 224 2557 duobus
241 2505 371 2556 dicimus:
386 2507 516 2574 [utimur
532 2505 567 2557 ab
585 2506 733 2559 undecimo
750 2507 785 2558 sit
801 2504 994 2559 duodecimus:
1016 2505 1096 2569 alter,

69 2575 188 2625 decimus
204 2573 321 2638 tertius]
354 2573 391 2624 Et
406 2576 463 2626 vult
479 2574 633 2642 significare
650 2575 707 2624 iarn
721 2592 750 2626 se
764 2575 884 2627 vicinum
901 2574 983 2624 luisse
995 2571 1096 2641 puber-

69 2642 130 2708 tati,
174 2642 229 2693 uod
252 2642 287 2693 de
311 2642 474 2695 duodecimo
498 2659 571 2696 anno
594 2644 744 2712 procedere
766 2659 823 2694 non
846 2651 944 2710 potest.
968 2658 1001 2678 -ὸ
1050 2645 1094 2697 40.

71 2659 271 2830 [lamlragiles
284 2722 409 2775 poteram
421 2746 432 2754 -
442 2745 453 2754 -
469 2714 619 2778 attingere3
635 2710 754 2762 necdum
770 2727 886 2778 magnos
903 2719 932 2761 et
949 2711 1024 2761 altos.
1058 2709 1095 2759 Et

72 2779 117 2830 lroc
156 2779 218 2830 cit:
236 2780 341 2830 Tantae
358 2781 506 2832 altitudinis
525 2797 619 2844 eram,
641 2780 699 2829 iam
716 2788 747 2828 ut
763 2796 871 2847 possem
889 2778 1027 2845 attingere
1044 2776 1096 2826 mi·

72 2863 164 2911 nores,
195 2855 225 2898 et
246 2847 358 2914 fragiles
380 2846 470 2900 adhuc
494 2850 600 2901 arboris
622 2845 733 2911 ramos]
773 2849 810 2899 Et
831 2848 903 2905 bene
927 2863 993 2897 cum
1016 2844 1096 2896 annis

72 2914 231 2985 [conJiungit
247 2915 373 2969 habitum
390 2918 520 2986 corporis.
554 2918 627 2968 Nam
651 2924 678 2967 et
694 2916 724 2967 in
746 2916 808 2969 iure
825 2917 954 2987 pubertas
971 2931 1005 2985 er
1021 2921 1096 2963 utro-

71 3000 117 3050 que
128 2984 282 3052 colligitur.
298 3009 333 3025 -·
366 2990 411 3041 41.
431 2985 466 3036 Ut
483 2987 561 3049 vidi,
579 2999 610 3036 ut
626 2987 716 3053 perii;
741 2986 894 3053 [Theocriti
912 2993 952 3035 est
970 2990 1011 3050 εδ,
1028 2981 1095 3043 42.);

72 3049 99 3104 eit
116 3049 192 3118 titan,
211 3048 246 3105 nis
263 3051 387 3120 ἰμάνην]
420 3054 513 3109 Unum
531 3063 572 3106 est
587 3053 736 3122 temporis,
753 3055 827 3106 aliud
844 3053 988 3120 qualitatis.
1022 3051 1096 3102 Nam

70 3120 117 3173 iroc
132 3123 214 3174 dicit:
238 3123 305 3174 Mox
330 3135 361 3172 ut
377 3124 454 3188 vidi,
477 3124 712 3190 quemadmodum
729 3123 771 3174 vel
793 3122 909 3191 qualiter
933 3121 1011 3191 perii.
1047 3119 1096 3170 Vel

68 3191 187 3261 primum
207 3202 238 3241 ut
254 3199 409 3260 postquam,
424 3191 479 3242 duo
496 3193 638 3259 sequentia
654 3208 707 3258 pro
725 3186 881 3242 admirandi
898 3188 1096 3257 significatione

66 3262 148 3331 posita
165 3260 232 3311 sint.
258 3258 364 3309 ‘Malus
382 3277 477 3323 error‚·
500 3260 623 3312 definitio
646 3259 756 3310 amoris.
790 3260 880 3328 [Nam
904 3274 984 3310 antor
1002 3266 1096 3310 errare
1160 3278 1161 3282 ¹

65 3329 228 3399 plerumque
253 3327 417 3394 compellit]
439 3355 475 3369 -
513 3333 558 3387 43.
582 3328 666 3380 Nunc
692 3331 751 3380 scio
777 3330 846 3397 quid
871 3329 910 3378 sit
934 3344 1028 3388 amon·
1054 3326 1095 3385 vel

64 3399 139 3465 qussi
154 3397 216 3448 iam
232 3395 352 3461 iuvenis,
375 3397 417 3448 vel
433 3397 510 3465 quasi
532 3405 646 3464 spretus.
680 3397 796 3448 Gravior
814 3397 889 3449 enim
908 3410 986 3445 amor
1002 3395 1034 3445 ut
1047 3396 1097 3461 [ex

61 3466 255 3549 despectione,
277 3463 336 3529 vel]
360 3480 392 3517 ex
415 3465 612 3536 desperatione.
645 3467 801 3518 ‘Terentius
825 3467 911 3532 (Eun.
929 3473 960 3528 5,
977 3468 1009 3528 9,
1026 3462 1097 3522 tol:

58 3535 152 3587 Pmi:
179 3546 286 3601 quanto
305 3535 404 3584 minus
420 3537 479 3600 spei
496 3547 551 3599 est,
575 3546 652 3587 tanto
678 3537 769 3602 magis
787 3553 859 3585 amo.
877 3566 907 3574 -
944 3539 988 3588 tt
1008 3532 1096 3581 ltm-

10 3648 12 3657 .
58 3624 126 3671 rus,
150 3615 207 3654 aut
229 3602 379 3668 Rhodopcf
403 3610 512 3654 montes
536 3612 598 3654 stult
621 3606 781 3672 asperrimi,
806 3605 925 3654 leuraros
948 3603 978 3652 in
1002 3599 1097 3668 Epiro,

11 3724 15 3731 ,
53 3673 198 3744 Rhodope
220 3671 252 3723 in
276 3671 405 3723 Thracia.
438 3673 475 3723 Et
496 3672 586 3742 perite
609 3675 745 3743 vituperat
768 3674 816 3726 ab‘
830 3672 945 3743 origine.
985 3670 1057 3723 Item
1078 3683 1097 3718 a

77 3843 121 3894 41)
152 3841 257 3881 (suetos
287 3828 343 3880 Naris
361 3841 400 3880 hoo
414 3842 477 3882 dicit:
497 3843 605 3891 rempon's,
626 3856 672 3880 rrae
693 3842 750 3887 virli,
769 3845 889 3896 quantitatis
909 3834 1038 3888 (qualitatis).
1059 3834 1099 3872 ad·

141 3899 232 3939 modum
243 3900 309 3948 perii,
324 3897 406 3949 reliquis
421 3897 505 3936 omissis.
534 3899 604 3936 Guett.
616 3901 640 3936 11.
662 3898 770 3940 Nnm'doc
784 3901 846 3944 dr'cit,
861 3911 907 3937 mos
922 3903 945 3935 ut
958 3894 1014 3938 vidi,
1029 3906 1100 3944 tum·

142 3956 260 3996 admodum
268 3958 330 4006 perii.

75 4036 121 4087 44)
156 4032 229 4074 finali.
243 4036 259 4075 l.
272 4035 298 4075 ll.
312 4039 396 4077 Monta
410 4042 460 4076 ruas
478 4036 577 4079 romine
591 4052 667 4093 asperr.
675 4054 684 4087 ,¹
698 4046 716 4077 et
728 4040 801 4091 perite.
