2430 4620
244 92 259 141 't

160 191 164 194 ’
210 217 426 282 munera
447 216 604 282 sucos.
627 188 863 296 vars-22.
939 248 944 257 .
992 227 1058 295 aas

99 408 176 452 verat
198 403 301 468 pueris.
342 402 416 456 Nam
440 405 495 456 vult
517 407 613 474 exequi
636 411 739 456 sectam
763 403 946 473 Epicuream,
969 420 1054 485 quarn

99 475 150 520 rat
164 477 227 521 tam
244 471 374 551 Virgiliut
391 489 474 542 quam
492 476 587 537 Varus,
603 474 719 525 docente
736 471 846 524 Sirone:
863 482 891 525 et
907 489 985 542 mian
1001 475 1061 527 sub*

99 554 129 589 ra
149 536 253 602 Sileni,
276 539 404 604 Sironem
429 543 535 594 inducit
556 543 725 611 loquentem.
761 541 896 595 Chromin
913 551 1054 597 autemst

99 605 172 657 rlum
189 622 220 658 se
236 615 265 659 et
281 609 386 661 Varum
404 612 461 661 vult
477 610 573 680 accipi.
610 610 714 678 Quibus
737 609 801 662 ideo
817 611 961 678 coniungit
977 611 1053 682 puel·

109 682 146 723 ut
172 675 299 727 ostendat
328 679 441 748 plenam
464 689 569 732 sectam
593 680 774 748 Epicuream,
797 695 876 746 quae
898 678 969 733 nihil
992 680 1050 733 sine

99 749 151 794 ate
175 742 233 793 vult
256 761 315 798 esse
340 744 502 814 perfectum.
536 748 617 817 [Sane
640 747 694 799 hoc
718 747 753 799 de
769 745 860 798 Sileno
876 763 933 801 non
950 747 1051 801 dicitnr

99 828 142 861 ia
162 812 292 879 Virgilio,
310 816 358 866 sed
376 833 393 866 a
409 816 590 884 Theopompo
607 815 780 868 translatum.
813 816 839 866 Is
857 816 933 868 enim
949 833 1049 887 appro⁸
1099 856 1108 871 ι

99 895 127 929 m
145 878 276 934 Silenum·
295 900 311 934 a
329 884 423 936 Midae
445 886 518 953 rogis
543 885 699 952 pastoribus
716 884 783 936 dicit
805 885 918 952 crapula
935 885 1049 938 maden·

105 954 137 998 et
156 963 191 1000 er
208 965 241 1001 ea
257 960 433 1025 soporatum,
455 953 516 1004 illos
539 955 602 1005 dolo
627 954 769 1021 adgressos
785 952 972 1009 dormientem
990 954 1048 1006 vin-

119 1023 219 1086 postea
237 1016 350 1071 vinculis
365 1029 461 1101 sponte
478 1021 633 1074 labentibus
650 1022 800 1074 liberatum
817 1022 852 1074 de
870 1021 953 1074 rebus
969 1030 1049 1083 natu-

99 1099 112 1134 s
147 1092 176 1134 ct
206 1086 324 1156 antiquis
348 1087 442 1141 Midae
471 1089 654 1157 interroganti
677 1105 720 1143 rea
758 1088 874 1144 odisses*
893 1106 977 1159 quern
1001 1090 1048 1145 alii
1118 1153 1122 1159 ¹

737 1157 753 1168 se

99 1150 146 1203 urii
172 1153 276 1219 tilium,
299 1157 346 1208 alii
369 1158 458 1210 Panos
481 1165 508 1210 et
530 1157 684 1228 nymphae,
706 1176 722 1209 a
744 1175 761 1227 ιι
779 1173 811 1210 er
834 1159 917 1228 guttis
939 1159 1047 1212 cruoris

107 1228 211 1272 natum
235 1240 293 1275 esse
316 1225 464 1292 dixerunt]
506 1225 633 1278 Chromis
658 1238 682 1276 st
706 1224 876 1295 Mnasylus3
901 1227 946 1279 isti
959 1227 1047 1299 pueri

108 1296 185 1343 sunt.
201 1318 233 1330 -
271 1297 314 1350 14
338 1292 436 1362 [Pueri
443 1312 450 1356 ;
474 1295 598 1347 nonnulli
620 1296 703 1363 pueri
725 1310 783 1348 non
805 1293 924 1348 absurde
947 1301 1046 1375 putarpt

99 1374 130 1422 a,
157 1359 222 1426 quia
245 1357 345 1428 Sileni,
366 1363 528 1430 priusquam
551 1371 709 1429 senescant,
736 1363 820 1432 satyri
844 1372 922 1416 sunt:
950 1373 1045 1416 utrum

99 1433 188 1479 secate
205 1443 320 1496 pucros,
347 1447 383 1482 an
402 1440 433 1482 ut
449 1433 588 1484 ministros
613 1440 640 1485 et
661 1431 811 1485 familiares
833 1433 952 1484 solemus
968 1447 1045 1484 cum·
1107 1438 1111 1445 “

98 1512 132 1546 er
148 1511 249 1564 pueros
267 1497 402 1565 vocarei]
417 1527 452 1537 -
485 1506 528 1560 15.
545 1500 682 1569 Inflatum
699 1518 801 1564 ocnas;
820 1499 940 1568 figurata
964 1499 1044 1563 dixin

99 1581 180 1631 mpsr
196 1565 267 1620 bene
283 1567 403 1630 addidit,
424 1569 444 1620 i.
460 1585 499 1635 e.,
522 1569 720 1622 cousuetudine
742 1570 797 1622 viui
814 1584 877 1622 ¹nun
901 1569 1044 1622 interdum

99 1642 194 1683 entum
212 1634 293 1702 essa]
318 1636 440 1701 Iaccho,·
458 1645 506 1687 aut
523 1639 585 1689 vino
601 1646 650 1689 aut
662 1637 765 1690 Libero
781 1638 945 1717 patre,·qui‘
956 1636 1043 1690 etism

99 1718 120 1752 rs
148 1711 274 1769 vocatur,
297 1707 376 1772 [nam
392 1705 514 1757 Bacchus
537 1722 554 1757 a
578 1705 775 1773 bacchatione,
796 1706 857 1758 i.'e.
879 1707 985 1758 rutenia
1002 1707 1043 1758 di'·
1130 1762 1135 1771 ,

111 1770 188 1821 unde
211 1779 239 1823 et
261 1773 378 1825 comites
406 1774 463 1826 eius
485 1774 619 1833 Bacchae.
662 1774 715 1829 Alii
739 1792 756 1826 a
779 1774 887 1826 Bacche
911 1774 1041 1844 nympha,

102 1853 173 1888 cum
189 1838 292 1893 Brome
315 1857 409 1893 sorore
433 1858 481 1894 sua
506 1859 571 1895 aum
595 1843 747 1895 nutriverat
768 1843 797 1894 in
822 1850 918 1903 monte
934 1843 1007 1911 Nysa
1023 1861 1041 1897 a

99 1906 228 1973 nutrica]
243 1936 279 1947 -—
314 1917 356 1969 16.
369 1911 450 1962 Serto
468 1914 581 1975 proculg
605 1912 688 1962 ruodo
712 1928 812 1982 prope,
835 1910 872 1979 [i.
888 1929 926 1973 e.,
948 1910 1043 1977 iuxta]

99 1974 185 2041 [ideo]
201 1976 307 2029 intulit:
331 1980 454 2029 Tantum
480 1982 568 2046 capiti
591 1981 720 2046 delapsa:
748 1987 778 2030 ut
800 1978 958 2032 ostenderet
982 1994 1040 2033 nou

100 2060 113 2093 s
132 2045 306 2112 provolutam
322 2046 463 2111 coronam,
480 2047 522 2114 [ut
538 2056 579 2100 est
593 2051 669 2115 (Aen.
682 2056 725 2114 10,
738 2047 829 2109 {lawr
840 2047 941 2098 Procul
958 2066 1039 2098 aerea

110 2113 264 2179 dependet]
286 2139 321 2152 -
367 2121 410 2173 17.
434 2117 535 2166 Attrita
560 2134 648 2178 onsa;
677 2116 817 2184 frequenti
839 2115 942 2168 scilicet
964 2125 1040 2188 potu.

99 2182 172 2246 stas,
195 2183 323 2235 manibus
345 2200 402 2236 non
427 2185 528 2236 emissa
551 2185 731 2252 (crnisramil
753 2183 896 2254 significat.
919 2210 954 2222 -
996 2189 1038 2245 18.

100 2252 163 2310 ssi,
179 2251 246 2301 ordo
264 2260 315 2303 est:
332 2252 460 2305 Chromis
478 2260 506 2304 et
521 2252 660 2323 Mnasylus
677 2253 798 2321 adgressi
815 2252 954 2315 Silenum,
971 2270 1038 2307 nam
1061 2310 1064 2317 ,

99 2326 129 2370 nt
156 2320 239 2368 ambo
263 2336 310 2389 spe
335 2322 480 2372 carminis:
505 2329 533 2373 et
555 2341 602 2389 spe
626 2322 829 2392 pollicitatione.
874 2311 889 2375 I
969 2322 1048 2391 aliua

120 2383 250 2454 Adgressi
279 2394 327 2456 spe'
357 2391 489 2443 carminis
518 2390 645 2442 iniiciuut
673 2390 737 2459 ipsis
764 2405 796 2441 ex
820 2389 864 2441 vin
950 2388 1038 2443 sertia.

99 2457 157 2505 inis
175 2457 271 2520 ambo,·
288 2464 406 2523 vetuste,
424 2467 455 2508 ut
471 2458 536 2511 alibi
554 2460 598 2525 (G,
615 2465 648 2524 4,
664 2459 733 2520 88.);
753 2457 853 2511 Varum
873 2454 923 2508 uhi
940 2459 1036 2511 ducto·

99 2527 137 2573 :ic
165 2528 337 2576 revocaveris
361 2528 459 2580 ambo:
484 2535 512 2580 et
536 2531 618 2593 (Aerr.
638 2535 686 2594 12,
703 2528 787 2588 3420:
811 2527 932 2576 amiras
957 2529 1038 2581 ambo
1123 2554 1126 2565 ·

101 2593 200 2642 sidus.-
225 2601 256 2643 ut
279 2595 354 2658 (Ecl.
372 2601 404 2661 5,
421 2597 494 2657 68.):
518 2595 699 2660 craterusque
724 2597 779 2647 duo
804 2608 957 2645 stotucms·
972 2612 1038 2648 cum

102 2661 159 2711 sub
176 2658 274 2713 eadem
291 2663 490 2731 significatione
508 2667 604 2717 ombus
623 2673 650 2714 ot
667 2666 739 2716 duos
756 2661 899 2728 dicamus]
916 2691 951 2700 -
993 2668 1036 2722 19.

98 2747 152 2790 ιτς
174 2730 302 2800 stipsis:
326 2740 357 2783 ut
373 2735 449 2799 (Aen.
467 2739 498 2797 5,
515 2735 602 2797 663.):
628 2734 831 2802 Transtro‘per
849 2743 874 2781 et
892 2748 996 2793 remos,
1018 2733 1038 2785 i.

99 2806 258 2850 rtranstra.
275 2825 308 2837 -
343 2808 388 2858 20.
406 2801 529 2853 Timidis
536 2825 546 2866 ,-
572 2811 619 2853 aut
634 2801 802 2854 timentibus.
835 2800 907 2854 Nam
924 2800 1042 2852 timidus
1115 2838 1118 2852 t

99 2868 136 2936 [ui
154 2868 371 2936 sempertimet:
394 2871 494 2922 timens
511 2887 575 2922 vero
600 2873 647 2938 qui
663 2871 698 2922 ad
721 2878 832 2939 tempus
854 2868 987 2925 formidat
1004 2885 1036 2921 ex

129 2936 184 2986 Aut
200 2952 232 2986 rc
249 2953 313 2988 vera
329 2941 457 2990 timidis:
476 2939 539 3007 quia
556 2939 648 3008 pueris
663 2956 715 3020 per
731 2946 851 2990 aetatem
870 2937 1036 2989 naturaliter

100 3012 144 3055 est
156 3004 259 3069 insitus,
276 3007 315 3073 [et
331 3007 490 3059 timentibus
507 3025 551 3073 ne,
567 3009 634 3058 dum
649 3008 754 3060 vmcula
770 3007 922 3069 iniicerent,
940 3021 1036 3074 exper-

99 3080 127 3124 et.
167 3072 279 3124 Videnti
296 3092 346 3144 pro
363 3076 494 3144 vigilanti.
509 3102 544 3112 -
585 3086 629 3133 22.
646 3077 819 3144 Sanguineis
831 3075 958 3144 frontem
977 3091 1036 3126 mo·

106 3153 228 3208 tempore
245 3145 340 3210 pingit
345 3168 354 3208 ς
372 3145 453 3195 multi
471 3145 507 3194 ob
523 3142 576 3196 hoc
593 3145 698 3196 dictum
715 3153 826 3215 putant,
844 3142 916 3210 quod
933 3143 1036 3195 ruheua
1114 3191 1117 3197 .

99 3210 143 3270 ’.9)
167 3211 244 3263 color
260 3212 377 3263 deorum
394 3213 443 3279 sit,
466 3213 537 3276 undu
556 3221 584 3266 et
599 3213 803 3280 triumphantes
819 3213 891 3264 facie
909 3211 1036 3277 miniata,

99 3278 229 3348 lapitolio
245 3281 368 3348 Iuppiter
384 3281 415 3333 in
432 3282 566 3350 quadriga
582 3281 706 3346 miniato,
722 3290 750 3334 et
767 3283 838 3334 bena
853 3280 958 3348 Pingit,
975 3295 1034 3331 non

101 3357 148 3413 at,
170 3356 237 3400 nam
253 3349 312 3400 iam
329 3349 488 3418 vigilantem
505 3351 617 3401 dixerat.
653 3349 722 3401 Sane
738 3351 831 3402 fabula
849 3348 882 3401 de
901 3366 977 3401 moro
994 3355 1035 3400 ta-
1103 3400 1107 3413 ,

99 3437 107 3470 :
125 3417 251 3469 Piramus
269 3427 297 3468 et
313 3418 415 3472 Thisbe
431 3420 511 3470 fuere
529 3427 559 3470 ut
574 3420 666 3469 forma
685 3435 783 3484 pares,
798 3419 839 3470 ita
855 3432 953 3470 amore
969 3432 1036 3469 cou-

99 3526 102 3548 ,
121 3503 192 3557 quos
208 3487 310 3538 vicinos
327 3487 417 3556 paries
434 3487 579 3551 dividebat,
595 3486 693 3552 quibus
710 3503 765 3539 una
781 3487 938 3558 praestabat
954 3485 1037 3536 collo-

107 3575 116 3607 :
141 3573 208 3607 cum
230 3571 310 3607 amor
326 3555 454 3609 crevisset
470 3555 504 3606 ad
522 3555 718 3622 cupiditatem,
737 3556 855 3627 placuit,
878 3563 911 3607 ut
926 3553 1036 3622 utrique

102 3634 182 3678 extra
200 3623 296 3673 domos
312 3624 510 3692 procederent,
532 3623 680 3690 locumque
697 3624 815 3678 coeundi
829 3629 983 3676 statuerent
999 3620 1037 3673 ad

99 3711 151 3753 ·m,
176 3709 247 3759 quae
271 3701 335 3745 ante
359 3701 420 3744 erat
443 3693 511 3743 albis
534 3693 673 3743 fructuosa
697 3694 802 3760 pomis:
825 3701 934 3744 etcum
957 3688 1054 3758 prior·

99 3771 117 3814 et
135 3761 240 3814 Thisbe
256 3761 292 3813 ad
308 3761 415 3827 locum,
432 3761 497 3812 vidit
513 3761 593 3823 leam,
612 3762 679 3811 dum
695 3770 817 3814 mortem
834 3760 915 3828 fugit,
931 3764 1035 3810 vestem
1064 3789 1068 3796 ·

99 3933 143 4027 ἴση
161 3944 195 3969 vv.
205 3934 272 3984 poulo
286 3939 333 3973 sats
348 3933 457 3972 desiderari
472 3929 601 3982 intersectas,
621 3935 737 3980 laesrstss,
756 3941 791 3973 aut
804 3933 852 3984 qaid
864 3930 931 3970 smil·
945 3925 1037 3980 pnhbtie

104 4000 158 4029 um.
