2430 4620
159 302 201 345 ru
224 284 582 353 mactatarum.
605 286 684 353 tta.
704 288 759 362 Xl,
780 292 980 358 ato-263·
1057 295 1101 358 21

60 468 91 521 lis
110 484 170 521 esse
194 468 333 522 dicuntur.
368 468 412 522 Sic
428 471 574 527 Minervae
597 476 669 539 aries
693 490 752 527 esse
775 473 1002 542 dignoscitur.-
1038 478 1100 530 200.

62 536 191 607 llltsrqpe
213 538 388 606 Caphereus,
415 536 446 593 τό
470 536 537 594 uiri
562 552 617 607 est,
642 544 657 594 i.
677 562 700 595 e.
724 550 816 594 cautes
839 542 987 594 Euboicae.
1023 541 1097 592 Nam

57 606 169 659 Euboea
185 606 278 659 insula
295 616 350 673 est,
374 613 476 677 inqua
500 628 580 664 mons
598 614 771 681 Caphereus,
796 611 870 662 circa
893 626 976 678 qrrern
995 610 1098 662 Graeci

55 676 165 743 periere
188 678 289 727 naui'ra
311 678 345 727 io.
381 678 459 729 Ultor
472 688 576 731 'autern
598 680 660 731 ideo
678 680 757 744 dixit,
779 680 852 747 quod
870 679 1002 749 Nauplius
1020 679 1097 731 Pala-

55 744 143 795 medis
159 750 242 815 pater
261 692 369 811 dolens,
387 746 475 798 filiurn
491 764 572 799 suum
589 750 708 800 lectione
720 748 941 814 interemptum,
959 755 989 796 ut
1006 747 1036 798 in
1053 765 1094 799 se·

55 812 145 863 caindo
163 813 234 879 (81.)
254 813 646 882 [comestnoravimus,cu1n
665 818 776 882 videret,
793 816 915 867 Graecos
932 824 1097 883 tempestate

54 880 199 947 uuum,
220 890 349 933 numum
372 884 549 953 Caphereum
573 886 707 937 ascendit:
733 894 761 937 et
784 885 855 936 elata
878 886 967 937 iacula
984 886 1096 953 signum

54 950 130 1001 dedit
146 950 232 1003 ricini
249 958 361 1017 portus3
389 968 444 1020 qua
466 971 498 1007 re
514 954 622 1021 decepti
641 956 740 1005 Graeci
763 954 836 1005 inter
854 954 1020 1022 asperrimos
1036 968 1095 1004 sco-

10 1062 12 1069 .
53 1018 128 1089 pulos
144 1019 328 1087 narsiragium
346 1022 576 1090 pertulerunt—
611 1029 672 1079 252.
690 1024 800 1072 Atrides
819 1021 911 1073 Protei
928 1021 1093 1088 Menelaus,

57 1092 248 1155 Agamemnon
268 1095 296 1138 ct
311 1088 453 1145 Menelaus
478 1107 532 1143 uno
551 1091 663 1160 quidem
686 1092 806 1142 letaliter
829 1093 939 1145 luerunt
956 1090 1091 1160 supplicio

10 1217 12 1227 Ι
58 1154 189 1207 destitisti.
227 1156 357 1225 Namque
374 1160 472 1209 Atreus
490 1160 666 1228 et'Thyestes
682 1162 784 1211 irrues
800 1162 912 1211 luerunt
930 1159 959 1209 iu
976 1175 1004 1211 se
1025 1158 1094 1209 invi-

10 1234 15 1286 ξ
61 1240 114 1274 reru
140 1224 236 1289 saevi,
264 1224 335 1276 adeo
366 1233 397 1277 ut
421 1226 552 1296 Thyestes
581 1244 646 1278 etun
670 1230 776 1297 Aerope
809 1228 861 1293 (el.
886 1228 1032 1293 Moeram,
1062 1228 1095 1279 V.
1152 1235 1157 1242 '

62 1290 141 1343 Guell.
153 1294 188 1343 ll.
211 1293 337 1360 merope)
354 1294 448 1346 fratris
464 1312 548 1348 uxore
566 1297 772 1361 concumberet,
788 1296 861 1364 quod
878 1297 973 1349 dolens
987 1298 1095 1360 Atreus,

58 1358 153 1413 liberos
169 1361 232 1413 eitra
249 1362 398 1431 epulandos
415 1363 466 1431 [ei]
481 1367 615 1431 apposuit.
650 1366 702 1416 Sed
723 1382 788 1417 cum
806 1366 938 1433 Thyestes
960 1372 1023 1431 post
1046 1378 1092 1413 co·

57 1428 159 1495 gnitum
182 1430 296 1491 {scissus
316 1430 474 1499 requireret
497 1435 647 1498 ultionem,-
669 1433 694 1485 ei
712 1434 808 1501 Apollo
833 1434 986 1515 respondit:
1013 1448 1093 1503 posse

57 1498 106 1547 alio
123 1498 232 1551 scelere
248 1498 320 1549 illius
336 1500 467 1567 facinoris
476 1501 618 1565 ,undicem
635 1503 726 1565 nasci,
741 1502 845 1554 scilicet
861 1519 884 1554 n
900 1517 965 1552 cum
979 1500 1043 1553 Pelo
1063 1501 1093 1553 ia

57 1566 100 1629 (al.
117 1566 249 1633 Pelopeia
256 1589 267 1631 ,·
290 1567 324 1617 R.
341 1569 471 1636 pelagia,
495 1569 585 1621 Guels.
602 1572 621 1622 l.
639 1572 763 1636 pelopea)
788 1571 843 1621 lilia
861 1587 909 1622 sua
926 1518 1094 1621 concumlie-

57 1642 103 1685 ret.
138 1634 203 1704 Quo
221 1638 297 1688 lacto
318 1644 397 1687 natus
415 1645 455 1689 est
471 1638 615 1706 Aegisthus
643 1637 732 1690 letalis
749 1640 778 1690 in
796 1638 872 1691 Atrei
889 1639 1031 1707 geminam
1049 1652 1093 1687 so·

58 1700 157 1767 halem.
193 1704 250 1757 Sed
267 1702 389 1774 iuppiter
404 1705 529 1757 Menelai
545 1710 601 1758 sata
617 1710 763 1769 miseratus
779 1716 828 1771 est,
844 1716 956 1777 propter
969 1708 1093 1758 Helenae
1188 1746 1191 1754 .

57 1770 145 1839 iugale
173 1775 363 1824 consortium:
393 1781 422 1825 et
445 1790 510 1826 eum
543 1794 592 1845 per
616 1777 722 1827 diversa
746 1793 840 1843 errare
864 1776 977 1840 maluit,
1026 1790 1092 1825 uam

59 1840 175 1909 Aegisthi
200 1841 330 1893 sumtibus
353 1842 476 1894 interire.
510 1844 551 1912 [Is
575 1860 642 1913 ergo
659 1844 813 1910 Menelaus]
838 1844 884 1895 hic
908 1845 952 1909 (al.
969 1792 1023 1903 ciel
1048 1860 1090 1894 er·

58 1924 116 1961 rans
142 1910 178 1961 ad
203 1912 359 1978 Aegyptum
383 1926 469 1979 usque
491 1913 629 1983 pervenit,
659 1912 707 1971 ubi
730 1914 844 1964 Proteus
874 1912 939 1963 deus
969 1911 1092 1962 marinus

58 1988 235 2047 regnaverat:
260 1980 305 2029 cui
329 1979 476 2047 aliquando
500 1990 580 2050 rapta
604 1981 746 2032 aTheseo
765 1981 866 2032 Helena
890 1980 988 2030 dicitur
1014 1996 1090 2029 com·

19 2092 22 2097 .
59 2049 195 2099 mersdata.
231 2046 309 2099 Unde
326 2048 440 2116 quidam
458 2048 567 2113 dicunt,
591 2050 665 2118 quod
683 2047 718 2101 ad
742 2067 804 2100 cam
828 2048 975 2119 petendam
994 2048 1092 2099 Mene·

57 2114 109 2167 ltus
132 2117 170 2169 ad
194 2116 352 2185 Aegyptum
383 2118 522 2183 proiectus
552 2118 587 2168 sit
615 2127 676 2186 post
699 2118 771 2170 bella
794 2118 923 2170 Troiana.
971 2116 1092 2183 Quidam

58 2184 148 2237 rolstnt
170 2200 227 2237 nec
250 2190 360 2255 reptem
384 2202 441 2237 esse
468 2202 484 2238 a
507 2187 605 2239 Paride
628 2187 774 2239 Helenam:
798 2187 846 2238 sed
870 2185 953 2238 aliam
978 2199 1090 2247 caussam

58 2252 119 2305 ltelli
142 2254 230 2306 inim
249 2253 379 2319 Troiani,
401 2254 478 2305 illam
502 2255 619 2318 scilicet,
644 2256 717 2323 quod
734 2256 883 2307 Herculem
907 2261 1110 2322 qtiaereutern¹

57 2320 152 2389 llylam
174 2320 277 2389 '(codd.
301 2323 397 2373 Burm.
422 2324 519 2384 illam)
544 2324 682 2392 suscipere
711 2324 867 2376 noluerunt.
916 2322 968 2389 Qui
996 2330 1114 2379 sulem.

56 2390 147 2442 volunt
163 2406 231 2443 eam
248 2400 358 2459 reptem
375 2410 391 2442 a
409 2391 515 2457 Paride,
533 2392 585 2443 hoc
603 2395 712 2457 dicunt,
729 2393 802 2461 quod
819 2400 929 2461 recepta
947 2410 962 2442 a
981 2391 1092 2453 Proteo,

56 2476 102 2529 prr
119 2460 266 2512 'Theseum
285 2460 319 2511 ad
335 2460 496 2512 Menelaum
520 2462 664 2512 transitum
689 2462 802 2527 lecerit,
827 2469 856 2512 et
878 2462 915 2510 sic
934 2476 996 2510 eam
1013 2457 1090 2509 Paris

56 2529 186 2595 rapuerit.
239 2527 396 2579 Secundum
426 2530 520 2597 quod,
552 2538 582 2580 ut
610 2547 692 2599 supra
722 2529 853 2595 diximus,
881 2527 1023 2579 Menelaus
1054 2524 1092 2577 ad

55 2596 211 2677 Aegyptum
226 2598 296 2663 loris
313 2598 451 2649 voluntate
468 2599 604 2667 pervenit:
622 2599 778 2650 scilicetne
794 2598 830 2649 ab
847 2595 983 2665 Aegystho
1000 2602 1092 2663 posset

54 2663 188 2717 interimi.
224 2664 304 2733 Quod
321 2674 413 2718 autem
433 2666 471 2718 ait
490 2666 581 2717 Protei
606 2669 768 2731 columnas,
791 2665 909 2718 ratione·
924 2680 979 2715 non
1006 2671 1090 2715 vacat.

55 2732 125 2785 liam
156 2734 303 2785 columnas
326 2735 453 2785 Herculis
483 2735 601 2803 legimus
624 2744 652 2787 et
681 2735 710 2787 in
734 2736 821 2787 Ponto
848 2734 926 2786 etin
950 2733 1091 2801 Hispania.

54 2800 132 2854 Hune
157 2809 255 2855 autern
278 2804 409 2854 Proteum
442 2804 621 2854 fortissimum
646 2813 674 2855 et
703 2804 835 2855 invictum
865 2810 972 2853 constat
999 2802 1092 2867 luisse.

53 2866 184 2922 Novimus
202 2880 312 2936 autem,
329 2873 403 2939 quod
421 2889 516 2923 ornnes
533 2875 633 2937 fortes,
649 2871 786 2923 Hercules
803 2871 974 2923 dicebantur.
1011 2871 1089 2922 Unde

53 2938 160 2991 ridetur
176 2940 234 2991 lroc
250 2942 394 2992 affectasse
413 2941 555 3009 Virgilius,
571 2950 602 2991 ut
618 2958 668 3009 pro
681 2941 811 3009 finibus,
835 2938 926 2991 Protei
945 2941 1091 2989 columnas

10 3043 13 3061 .
53 3004 173 3073 diceret,
189 3024 261 3077 quas
277 3008 375 3061 habuit
391 3009 529 3061 Hercules.
564 3010 599 3059 Ut
617 3010 785 3074 ostenderet,
802 3024 867 3061 eum
885 3007 968 3060 etiam
989 3010 1090 3058 Hercu·

10 3064 13 3132 f
53 3072 106 3126 lem
124 3077 243 3128 dictum.
278 3078 407 3146 sidusque
426 3078 572 3128 columnas
592 3078 697 3142 Protei;
722 3094 807 3146 usque
824 3078 857 3129 ad
876 3077 943 3127 fines
961 3077 1090 3144 Aegypti:

10 3134 15 3217 l
54 3142 104 3196 hoc
122 3150 290 3214 est,‘usque
308 3146 343 3198 ad
359 3147 486 3211 Pharon,
510 3155 574 3198 ante
596 3147 728 3211 insulem,
754 3163 827 3198 nunc
852 3154 960 3215 partem
978 3146 1091 3196 Alexan·

10 3222 15 3288 t
53 3212 139 3266 driae.
174 3215 304 3266 Lucanus
328 3218 386 3281 (10,
404 3214 488 3275 509.):
513 3214 598 3265 Nunc
617 3218 772 3266 claustrum
797 3216 890 3283 pelagi
909 3217 979 3279 cepit
1003 3212 1091 3280 (codd.

55 3290 81 3331 et
104 3284 139 3333 al.
159 3284 244 3334 Tune
268 3301 288 3335 s.
315 3300 391 3334 nunc
410 3285 441 3334 cl.
459 3302 484 3351 p.
512 3286 615 3349 coepti;
642 3285 734 3336 Guelf.
750 3286 770 3335 l.
793 3301 869 3334 nunc
893 3284 1012 3349 plaustr.
1028 3282 1091 3348 psl.)

56 3348 182 3416 Pharon,
208 3355 304 3404 insula
324 3354 464 3419 quondum
484 3353 517 3401 In
537 3354 626 3403 medio
644 3356 718 3403 stetit
737 3354 788 3403 illo
808 3354 883 3402 mori
901 3354 951 3401 sub
971 3363 1090 3416 tempore

55 3424 127 3471 ontis
156 3421 284 3487 Proteos,
314 3434 342 3471 at
374 3439 450 3471 nuno
476 3421 594 3472 Pellaeis
624 3434 664 3471 est
690 3424 820 3488 proxima
848 3423 946 3471 muris.
998 3418 1091 3471 Protei

56 3498 162 3552 atatem,
187 3490 303 3541 Latinus
326 3499 366 3542 est
391 3490 523 3557 genitivus
540 3490 703 3540 consu-ictus
726 3508 776 3560 per
793 3489 961 3557 synaeresin.
997 3490 1090 3538 Adus-

57 3572 105 3621 que
129 3567 228 3609 autem
251 3558 290 3608 sie
314 3568 354 3611 est
377 3560 496 3623 dictum,
534 3558 770 3626 quemadmodum
801 3564 848 3623 (7,
874 3560 964 3616 uslai:
994 3556 1090 3608 Siculo

56 3631 199 3693 prospexit
217 3630 342 3695 abusque
361 3627 493 3678 Pothino.
527 3628 601 3676 Num
625 3643 689 3677 curn
712 3627 878 3696 praepositio
897 3625 1092 3695 praepositioni

57 3708 199 3763 natisquam
211 3696 368 3761 cohaereat,
384 3698 508 3761 abusque
526 3704 554 3747 et
569 3698 695 3764 adusque
707 3698 823 3749 licenter
836 3695 985 3746 admissum
1000 3704 1091 3747 est.-

33 3768 114 3819 ¹253.
139 3765 264 3825 Exulem
292 3765 420 3845 proprie:
442 3782 509 3815 num
533 3766 647 3831 exulare
670 3765 799 3816 dicuntur
824 3766 869 3833 qui
895 3777 972 3814 extro
996 3765 1090 3817 solum

60 3846 129 3884 tunt.
163 3834 236 3886 Sane
260 3835 418 3898 serendum,
435 3834 521 3902 'quia,
545 3851 599 3901 quo
624 3843 748 3903 tempore
769 3833 910 3885 Menelaus
933 3833 966 3882 iit
989 3834 1024 3884 ad
1040 3834 1091 3881 Ae·

59 3910 183 3969 gyptum.
207 3903 329 3973 perdidit
346 3902 491 3953 Canobum
516 3904 745 3969 gubernatorem,
770 3920 786 3953 a
804 3918 858 3969 quo
885 3901 973 3952 vicina
997 3900 1090 3951 civitas

10 3978 12 3983 '
60 3982 154 4024 nornen
172 3971 297 4039 aceepit,
314 3987 384 4040 quae
401 3971 543 4040 hodieque
561 3978 666 4023 mutata
682 3972 779 4034 litera,
797 3972 923 4039 Canopos
941 3970 984 4033 (al.
1002 3970 1092 4019 Cano-

62 4052 120 4105 pus,-
146 4041 182 4095 tt
197 4040 351 4107 Canopon)
366 4042 534 4093 nominatur.
569 4042 679 4110 [Viam
696 4040 769 4093 mire
786 4039 898 4103 addidit,
914 4046 944 4088 ut
955 4043 993 4104 (3,
1005 4036 1096 4100 4313:
