2430 4620
130 316 176 385 aa
377 255 530 373 xsanum
552 303 909 374 connauraarus
929 356 938 367 ,.

135 501 252 564 anguto
274 498 305 546 at
325 491 436 576 pervia:
460 491 532 547 dictu
549 506 567 542 a
582 489 705 546 laudum
720 489 906 543 similitudine.
922 515 957 529 -
993 493 1053 545 517.
1074 486 1170 539 Colla-

135 567 174 617 tis
191 564 286 628 osoipo
303 565 413 630 signin
433 562 586 614 conuinctis
603 559 731 624 ducibus,
748 574 817 638 quos
834 567 1104 610 commemoraturus
1121 563 1170 607 est.
1188 566 1191 571 '

135 631 191 703 [Sic
208 638 304 685 autem
320 630 463 685 dicebatur
480 649 498 683 a
514 628 662 692 Romania,
685 637 809 696 quotiens
833 628 892 679 acie
910 627 1073 676 dimicatum
1090 631 1169 676 esset.

136 728 173 740 -
206 706 269 760 518.
285 699 387 751 Tecum
406 715 470 751 acor
486 697 637 765 Messapus
655 699 723 760 ortt,
739 697 845 764 ingenti
862 698 969 749 honore
987 707 1074 744 tecum
1094 692 1171 756 dixit,

136 768 192 823 boc
207 775 249 823 est
264 784 321 820 non
337 775 368 820 tu
384 767 424 819 illi
441 767 568 819 adiuncta
585 765 653 830 eris,
668 765 716 822 sed
733 765 780 817 ille
797 763 870 829 tibi]
887 792 921 801 -
956 769 1016 820 519.
1035 761 1170 829 Tyburti·
1198 816 1201 827 ¹

138 854 192 906 que
215 853 336 900 mouns,
366 835 479 887 Catillus
503 843 531 886 et
556 836 650 890 Coras.
695 832 788 884 Ducis
812 847 838 886 ιι
859 845 890 883 tu
906 824 1030 899 'concipe
1054 845 1171 892 curam,

138 906 210 961 deut
226 919 287 972 ego.
320 903 399 971 Nam·
411 919 466 957 non
484 901 564 968 dicit,
581 902 651 957 deut
666 900 809 972 Messapus
828 909 876 952 aut
893 900 955 965 alii,
979 918 1014 951 ne
1031 900 1059 952 ei
1076 900 1172 951 facere

137 973 270 1029 iuimiam
288 972 421 1025 videatur.
455 970 575 1039 Concipe
599 977 711 1038 autem,
734 967 797 1040 [vel]
821 969 984 1041 simulcum
1008 967 1060 1018 illis
1077 981 1174 1028 sume;
1203 968 1206 977 “

137 1041 195 1164 ppei
213 1056 326 1095 mecum
349 1057 433 1110 cape,
460 1041 525 1108 quia
548 1040 594 1093 ille
618 1038 738 1091 dixerat:
769 1055 874 1090 mecum
917 1039 1003 1090 ortiro
1028 1031 1173 1098 laborem]

166 1126 212 1163 arn
229 1125 282 1164 ooo
299 1107 471 1159 currinnctira
488 1109 537 1175 (al.
555 1108 701 1170 continuo)
726 1115 768 1160 est
809 1107 897 1163 artico
926 1145 931 1158 .
966 1105 1044 1156 Unde
1062 1111 1091 1156 et
1108 1112 1173 1171 cort·¹

139 1181 238 1233 oooors·
257 1177 296 1232 'da
321 1176 446 1245 pluribus
470 1175 595 1229 dicimus.
610 1201 644 1213 -·
686 1184 747 1236 522.
793 1177 879 1242 elles,-
904 1174 987 1226 metri
1011 1173 1176 1224 necessitate

59 1284 60 1289 η
140 1245 350 1316 cornpellimur,
371 1251 402 1294 ut
425 1245 511 1297 sollis
536 1243 667 1297 dicamus.
706 1243 805 1296 Statius
829 1250 878 1311 (6,
903 1243 996 1303 265.):
1024 1241 1116 1292 Vallis
1141 1241 1174 1292 iu

141 1316 272 1381 amplexu
300 1328 444 1364 nemorum
469 1314 558 1376 sodet,
583 1328 651 1364 uam
674 1312 785 1382 plenum
809 1321 851 1365 est
875 1312 980 1375 valles,
1007 1311 1076 1362 sicut
1100 1323 1174 1360 num

139 1382 271 1450 virgilius
286 1381 393 1460 posuit,
415 1381 488 1448 quod
505 1382 544 1431 ita
562 1396 619 1432 asse
637 1378 783 1432 diminutio
801 1381 919 1433 indicat:
942 1395 1009 1429 nam
1031 1376 1176 1430 vallearia

140 1451 255 1513 dicitur,
278 1457 349 1500 sicut
365 1451 467 1500 turrim
486 1449 541 1501 dici
557 1447 659 1501 debere
683 1452 853 1502 turriculam
875 1449 991 1510 indicat,
1015 1446 1086 1498 sicut
1110 1445 1175 1498 vul·

140 1537 205 1600 pos,
228 1518 376 1583 vulpecula
394 1517 470 1571 facit.
501 1517 642 1569 Horatius:
666 1517 780 1569 Movoot
797 1518 944 1586 vulpecula
964 1519 1061 1568 risum.
1097 1516 1175 1581 Ergo

140 1604 171 1640 nr
189 1604 219 1640 os
235 1585 278 1638 vel
293 1586 324 1638 ln
341 1587 367 1641 is
384 1587 493 1653 quando
512 1586 684 1654 usurpative,
705 1588 816 1655 qtsando
832 1585 995 1639 naturaliter
1011 1591 1109 1635 exeant
1126 1580 1176 1634 ιἰο·

140 1656 234 1721 anina,
248 1653 306 1706 sola
322 1653 469 1708 diminutio
486 1654 606 1718 indicat;
627 1670 660 1706 ca
678 1662 771 1708 autem
789 1656 905 1727 quaein
922 1671 952 1704 os
967 1659 1075 1716 exeunt,
1091 1651 1177 1720 longa

116 1766 119 1773 .
140 1731 204 1777 sunt
221 1722 330 1789 omnia,
352 1722 420 1773 siin
438 1722 559 1790 genitivo
581 1737 637 1774 non
661 1731 800 1789 crescant,
822 1733 853 1775 ut
870 1724 960 1786 lobes,
983 1722 1087 1786 valles,
1112 1719 1177 1770 oul-

161 1808 197 1842 os.
231 1791 304 1844 Nam
322 1790 345 1841 si
362 1799 503 1855 crescant,
524 1789 619 1845 brevia
641 1800 720 1858 sunt,
746 1801 778 1843 ut
795 1794 889 1857 miles,
914 1790 1023 1841 militis.
1040 1817 1075 1830 «-
1111 1794 1175 1848 52³.

140 1809 261 1979 {Densis
285 1858 444 1928 frondibus
474 1870 585 1925 atrum,
613 1867 707 1913 unum
729 1861 820 1914 denna
847 1858 990 1912 frondibus
1012 1863 1110 1925 urget,
1127 1866 1178 1910 ‘au

42 1948 49 1981 ,¹
161 1929 231 1980 ensis
255 1927 398 1978 frondibus
416 1927 548 1996 attuarii]
563 1953 597 1966 ·-
631 1932 693 1986 524.
711 1927 775 1996 Qua
792 1933 892 1981 semita
911 1927 1006 1989 ducit,
1028 1926 1130 1994 legitur
1148 1931 1179 1978 et

142 2013 208 2114 quo.
223 2022 259 2036 --
293 2001 353 2053 525.
371 1995 528 2062 aditusque
546 1996 685 2063 maligni,
707 1999 821 2068 proprie
838 1999 964 2053 obscuri:
983 2003 1013 2045 ut
1030 2000 1073 2062 (6,
1090 1993 1179 2054 270.):

141 2125 143 2130 7
165 2063 200 2115 ub
218 2064 279 2114 luco
298 2064 435 2130 ruoligna.
452 2091 487 2133 -γ
522 2069 583 2122 527.
600 2064 717 2132 Ignota,
735 2066 788 2135 [vel
803 2068 1022 2134 infrequentata,
1039 2063 1081 2114 vel
1097 2062 1179 2129 igno·

142 2129 191 2196 ta]
225 2129 333 2183 Scilicet
349 2133 468 2185 Aeneae.
499 2131 572 2185 Nam
595 2131 630 2187 de
647 2134 743 2187 Turno
759 2135 880 2187 dicturus
897 2141 952 2184 est:
977 2130 1041 2181 Huc
1060 2131 1176 2182 iuuenis

40 2216 48 2229 ³
144 2212 210 2254 noto
230 2199 327 2269 fertur
351 2201 464 2266 rigiano
488 2202 610 2252 viarum.
648 2197 768 2268 Tutiqus
791 2215 933 2269 receptus,
956 2200 1039 2268 [male
1062 2198 1177 2267 quidam

144 2285 270 2324 secessus
282 2267 309 2321 le
330 2276 387 2320 unt.
422 2270 495 2321 Nam
510 2261 633 2336 recipias
647 2270 756 2338 dicitur,
772 2287 867 2340 quoae
881 2271 935 2321 cito
949 2268 1027 2335 (tuto)
1042 2267 1188 2320 exercitus·

145 2334 266 2403 recipit]
304 2283 383 2392 tinae
406 2344 436 2389 st
457 2337 536 2406 signa
561 2341 682 2405 receptui
700 2356 799 2391 canoro
816 2340 953 2391 dicuntur.
968 2362 1002 2374 -
1044 2342 1106 2394 528·
1123 2334 1179 2384 ΒΝ

144 2405 243 2459 dosora
267 2414 338 2468 stoc,
358 2402 415 2458 sive
435 2420 486 2477 per
504 2405 600 2472 valles,
620 2407 675 2459 sive
697 2426 747 2478 per
764 2409 864 2459 montis
887 2405 1001 2458 radices.
1034 2406 1179 2456 Incertum

143 2480 185 2527 est
208 2472 301 2540 enim,
321 2488 378 2541 qua
398 2472 433 2524 sit
456 2481 585 2528 venturus
606 2475 736 2532 Aenean
755 2477 846 2547 [Velis
869 2483 961 2526 alitem
983 2487 1036 2542 pro
1060 2473 1087 2526 si
1111 2473 1179 2538 quis

143 2542 270 2594 aelia-
310 2546 373 2602 529.
397 2541 510 2596 instare
531 2543 627 2610 iugis3
652 2553 684 2595 ut
706 2551 754 2612 (8,
771 2544 858 2608 6933:
884 2543 1012 2596 Turritis
1034 2541 1179 2611 puppibus

51 2654 63 2663 .
144 2606 275 2674 iustam]
296 2628 332 2650 ·-·
372 2615 434 2667 531.
452 2611 636 2680 Arripuitquo
660 2613 768 2675 locum;
789 2613 892 2682 raptim
913 2611 1009 2662 tenuit.
1051 2609 1179 2673 Insedit,

142 2676 264 2761 proprisi.
300 2678 374 2739 Nam
391 2680 515 2731 insidere
539 2689 582 2732 est
603 2679 843 2751 dolosaaliquem
866 2688 1037 2745 exspectare,
1058 2678 1134 2729 unde
1152 2684 1181 2728 et

145 2747 271 2801 insidias
286 2747 446 2800 nonanataa
462 2755 533 2802 aunt.
566 2748 816 2816 [iniquia-intelli
836 2747 938 2801 endum
960 2747 1048 2811 hosti,
1069 2746 1113 2798 vel
1137 2746 1180 2797 in·

52 2851 58 2864 .
144 2813 330 2882 aequalibus]
352 2840 387 2856 -
429 2821 492 2874 532.
521 2815 645 2871 Velocem
671 2820 794 2883 intereo,
817 2766 889 2873 iicet
914 2820 1019 2868 intono
1044 2813 1182 2884 particula

142 2883 255 2950 negotia
271 2900 383 2950 semper
401 2883 558 2954 praeteritis
575 2887 669 2937 lutum
686 2887 852 2954 coniungat.-
867 2894 961 2939 tamen
980 2884 1112 2952 abruptus
1132 2883 1179 2948 (al.

143 2953 263 3012 abusus)
291 2960 333 3004 est
349 2960 378 3004 st
394 2952 583 3020 vituperabilis
600 2953 739 3009 canutus.
771 2955 861 3008 Habet
883 2963 978 3005 autem
995 2952 1062 3004 tales
1079 2950 1181 3001 ιτειιεί-

142 3028 186 3074 tus
203 3028 232 3072 at
247 3018 278 3072 in
294 3020 482 3093 superioribus
498 3020 593 3087 libris,
608 3029 639 3073 et
652 3023 682 3074 in
698 3022 824 3091 sequenti
841 3022 1004 3090 praecipue,
1021 3019 1068 3069 ubi
1086 3019 1182 3088 Iuppi·

141 3095 188 3141 ter
210 3087 332 3157 appellat
355 3088 499 3142 Iunonem.
546 3090 649 3158 Opim3
678 3095 752 3159 apim
776 3108 841 3147 curn
865 3091 995 3154 dicimus,
1020 3088 1182 3157 Nymphaio

141 3156 344 3224 significamus:
372 3157 395 3208 si
426 3165 521 3209 antem
552 3159 676 3210 dicamus
707 3179 783 3227 opem
795 3199 804 3226 ,
833 3159 965 3213 auxilium
993 3156 1182 3225 intelligimus.
1191 3169 1205 3201 ι

142 3223 305 3279 Terentius:
326 3223 532 3278 Iuno'Lucino
549 3227 599 3294 fer
623 3245 716 3297 opem,
740 3231 831 3296 [sorva
854 3246 912 3293 mo,
936 3220 1070 3288 obsecra]
1105 3224 1183 3293 Opes

142 3307 209 3347 tero
230 3307 350 3345 numero
372 3294 488 3364 plurali,
512 3299 608 3353 census
632 3297 790 3368 accipimus.
823 3297 896 3350 Nam
922 3296 998 3362 Ops,
1020 3294 1115 3348 Terta'
1134 3300 1184 3358 est,

143 3375 211 3412 uxor
229 3358 356 3426 Saturni,
377 3378 463 3430 quam
488 3363 590 3417 Graeci
612 3363 725 3422 Rheam
749 3371 854 3417 vocant.
888 3362 976 3433 [Sane
999 3363 1051 3416 hoc
1076 3377 1197 3417 nomeu⁴

142 3427 229 3496 ipsius
245 3427 351 3481 Dianm
374 3431 459 3483 luisse
482 3433 519 3484 ab
543 3432 669 3503 Ephesiis
693 3435 818 3502 dedicato
841 3435 944 3503 templo
969 3432 995 3483 ei
1019 3428 1183 3502 impositum

144 3496 296 3550 Alexander
313 3498 422 3551 Aetolus
444 3503 526 3572 po'e'ta
548 3501 579 3552 in
602 3501 675 3553 libro
699 3503 746 3572 qui
769 3503 929 3555 inscribitur
952 3500 1063 3564 Musae,
1086 3499 1184 3562 refert,

142 3565 218 3632 quod
241 3565 298 3617 boc
322 3565 385 3618 loco
408 3569 589 3640 peritissimus
614 3571 784 3638 antiquitatis
809 3577 890 3639 poeta
908 3569 998 3620 sociae
1016 3567 1074 3618 eius
1091 3565 1183 3636 impo-

143 3632 214 3686 suit:
230 3633 349 3702 qsiidam
367 3635 463 3688 dicunt
479 3632 637 3708 Opimotica
660 3656 743 3709 ergea
768 3639 865 3707 (Opim
889 3647 919 3690 et
935 3634 1110 3702 Hecaergon)
1126 3632 1183 3704 pri·

142 3715 205 3752 mos
227 3709 264 3754 es
283 3703 468 3775 Hyperboreis
492 3722 570 3760 sacra
594 3707 624 3758 in
642 3708 763 3765 Insulam
779 3707 860 3759 Delbi
879 3707 967 3772 (Deli)
992 3703 1128 3754 occultata
1152 3701 1182 3755 in

142 3768 262 3822 fascibus
273 3771 451 3839 mergitum*
464 3774 617 3851 pertidisae.
650 3775 705 3828 Alii
715 3783 814 3846 putant
829 3776 991 3845 Opimeteoa
1005 3786 1073 3842 ergo
1087 3770 1183 3840 (Opim

143 3844 172 3892 et
187 3839 363 3907 Hecaergon)
381 3841 534 3894 'nutritores
550 3840 682 3912 Apollinis
706 3853 734 3896 et
750 3844 855 3896 Dianae
879 3843 977 3906 fuisse,
998 3839 1063 3896 hinc
1087 3839 1183 3908 itaqua

73 3929 77 3938 ⁴
143 3903 229 3974 Opim
259 3907 349 3977 ipsam
371 3908 493 3962 Dianam
516 3910 756 3981 cognominatam,
787 3912 862 3980 quod
891 3927 975 3978 supra
997 3907 1103 3960 dictum
1135 3913 1184 3969 est,
1209 3920 1213 3928 ’

140 3972 295 4043 Apollinem
306 3989 379 4028 ¹-nuro
395 3977 568 4046 hecaargon,
591 3978 634 4029 vel
651 3981 725 4047 quod
741 3980 822 4045 luna,
838 3996 915 4049 quae,
926 3979 1031 4038 Diana,
1055 3974 1182 4045 proxima

140 4041 224 4096 terris
246 4042 328 4101 latiis
352 4045 506 4119 conspiciat
520 4048 535 4081 ⁸
551 4048 686 4120 quoniam
709 4057 769 4105 mta
786 4049 827 4105 *i
850 4047 937 4102 vocali
962 4058 1092 4117 ccaergas
1114 4042 1183 4099 sols.
