2430 4620
310 276 529 357 nuruum.
552 277 709 344 uucoL.
728 279 767 352 V,
788 283 941 351 20-35.
988 226 993 235 Ι
1082 289 1145 352 127

137 454 206 524 ¹⁰21
215 449 319 532 Daphnin
342 473 522 517 vocaverant:
546 480 630 534 quem
654 465 711 516 Pan
735 465 862 519 musicen
885 463 1011 519 docuisse
1035 466 1146 533 dicitsu,

134 530 199 590 Ψ
208 532 248 580 Vm
259 544 284 586 et
296 535 449 586 venationis
466 542 494 586 et
517 535 633 587 musices
657 533 836 603 peritissimus
859 542 943 600 esset,
965 535 1110 589 adamatus
1125 554 1145 588 a
1207 570 1211 579 .

119 592 304 668 nffllbaest,
317 605 376 671 ,qui
393 605 477 655 etiam
501 603 680 656 iureiurando
703 603 847 655 adstrictus
871 612 925 669 est,
948 622 983 656 ne
1000 622 1065 656 cum
1088 604 1143 657 alia

104 668 312 725 concumberet
347 672 399 723 Hic
415 673 483 723 dum
504 671 586 723 bovas
609 673 796 742 persequitur,
820 672 855 722 ad
878 672 987 741 regiam
1011 674 1144 744 pervenit,

99 744 134 811 ,ρ
156 727 211 811 οὗ,
223 740 448 806 palchritudinem
474 742 623 811 appetitus,
650 757 714 792 cum
737 740 811 808 regis
835 740 892 792 fllia
915 741 1143 794 consuetudinem

99 808 236 884 nimii,
249 808 302 862 boc
318 826 384 862 cum
401 812 524 879 nympha
540 808 680 875 rescisset,
696 809 846 861 luminibus
863 827 928 862 eum
946 810 1059 862 orbavit
1092 811 1140 863 Ille

99 901 107 933 r
146 874 293 944 ³¹3¹ffium
317 887 428 948 patrem
450 878 624 931 Mercurium
646 879 795 939 invocavit,
819 879 867 946 qui
890 895 956 932 eum
979 879 1010 931 in
1026 880 1142 943 coelum

99 941 220 1020 ism»
244 956 277 999 et
290 949 320 1000 in
337 948 450 1001 eo-loco
465 949 573 999 iontem
591 946 698 1012 elicuit,
719 947 766 1015 qui
783 947 908 1015 Daphnis
924 940 1141 1016 vocatur,'apud

99 1014 176 1078 12¹¹!
198 1018 356 1077 quotannis
372 1015 457 1069 Siculi
471 1015 646 1080 sacrificant]
680 1017 733 1070 Alii
749 1015 844 1068 dicunt
864 1017 1014 1084 significari
1036 1007 1086 1087 per
1103 1016 1143 1069 al-

99 1082 236 1148 rossftm
258 1087 291 1138 0.
306 1087 408 1141 lulium
427 1087 590 1150 Caesarem,
612 1085 660 1156 qui
682 1086 713 1136 in
736 1093 832 1136 senatu
855 1103 873 1138 a
891 1086 984 1139 Cassio
1009 1093 1037 1136 et
1053 1085 1139 1136 Bsuto

99 1130 183 1229 ’ῥύῃ
212 1153 314 1207 uibus
329 1155 486 1207 vulneribus
508 1154 693 1222 interemptus
710 1161 759 1206 est.
792 1153 870 1207 Unde
887 1163 930 1207 et:
959 1154 1076 1206 crudeli
1085 1153 1139 1223 fu-

99 1224 145 1278 τῖ’
164 1214 284 1277 '⁰1¹mt
299 1224 412 1277 dictum.
447 1223 511 1292 [Sed
527 1224 551 1275 si
568 1224 603 1275 de
617 1224 649 1277 G.
662 1219 780 1274 Caesare
797 1222 903 1274 dictum
920 1231 974 1277 est,
992 1223 1073 1279 multi
1089 1240 1141 1294 per
1163 1242 1166 1258 =

99 1283 237 1351 Astyr,
259 1294 399 1347 Venerem
417 1293 569 1363 accipiunt:
587 1308 638 1359 per
655 1291 748 1344 leones
765 1298 793 1342 et
808 1291 907 1359 tigres,
924 1293 1054 1361 populos,
1071 1308 1140 1359 quos

99 1346 218 1419 ,bffltt
249 1379 301 1432 per
316 1361 441 1434 ⁸thiasos,
463 1378 555 1426 sacra,
580 1377 650 1427 quae
666 1360 790 1411 Pontifex
813 1360 944 1413 instituit:
969 1378 1019 1429 per
1035 1362 1147 1415 forma·

99 1430 165 1485 ιθ.
196 1438 289 1497 ·⁰¹¹.⁸s
310 1431 445 1501 populum
461 1428 641 1493 Romanum]
675 1429 728 1480 Alii
744 1428 840 1482 volunt
854 1428 1018 1498 Quintilium
1035 1429 1140 1481 Varum

99 1513 134 1565 q,
168 1554 177 1568 ⁵
205 1496 256 1549 tri
279 1507 430 1568 cognatum
446 1499 567 1566 Virgilii,
591 1498 625 1550 de
649 1513 703 1565 quo
728 1496 812 1550 etiarn
834 1496 963 1551 Horatius
980 1483 1095 1563 ¹(Carm.
1114 1504 1143 1563 1,-

99 1550 180 1633 ω·
199 1552 275 1632 1iugo
292 1567 469 1634 Quintilium
491 1578 641 1635 perpetuus
666 1583 751 1632 sopor
773 1578 862 1634 urget.
903 1568 1012 1620 Tamen
1030 1567 1139 1618 crudeli

105 1630 225 1715 fufl‘l‘s
246 1638 281 1689 ad
302 1637 426 1707 quemvis
450 1645 539 1707 potest
559 1635 669 1688 referri.
716 1634 853 1704 [Quidem
876 1634 971 1689 dicunt
993 1636 1139 1705 Virgilium

117 1692 210 1780 ΒΨ
226 1707 266 1758 *υἱ
280 1707 369 1759 Flacci
394 1713 516 1758 mortem
538 1703 661 1770 deflere]
681 1730 714 1743 -
748 1709 793 1762 ⁴21.
814 1704 868 1756 Vos
886 1707 978 1773 coryli
994 1716 1089 1770 testes,
1113 1716 1138 1754 es

131 1762 240 1893 {hmo
259 1793 275 1824 n
296 1775 403 1844 mpbis3
426 1773 498 1826 bene
520 1772 687 1826 testimoniis
709 1771 795 1823 utitur
818 1773 848 1824 in
871 1775 956 1826 rebus
970 1773 1139 1826 incredibili·

190 1872 194 1885 ·
215 1835 274 1895 Nam
294 1845 392 1896 iletum
416 1843 495 1895 facile
513 1844 628 1895 dearum
651 1856 769 1908 persona
787 1857 843 1892 non
865 1844 973 1912 recipit.
1005 1843 1042 1893 Et
1058 1841 1138 1894 bonis

128 1916 193 1956 ,Ψ
203 1915 237 1958 tsi
248 1914 388 1981 gradibus:
410 1912 547 1965 fleverunt
562 1911 715 1980 nymphae,
738 1909 836 1977 quibus
852 1910 934 1964 insita
951 1919 991 1964 est
1006 1910 1139 1963 naturali·
1198 1912 1201 1916 '

150 1977 277 2047 inpietas:
298 1983 440 2045 homines,
463 1982 583 2048 adquae
606 1978 731 2030 mortalis
744 1980 881 2045 'pervenit
896 1982 989 2032 dolor:
1011 1981 1138 2048 pecudes,-

103 2050 106 2055 ’
181 2038 262 2103 elices
273 2051 381 2103 ratione
397 2057 518 2113 careant,
534 2057 630 2107 tamen
646 2065 702 2099 non
720 2056 818 2098 carent
835 2065 922 2100 sensu.
957 2051 1058 2100 Ferae:
1071 2050 1137 2101 ciu-

170 2120 391 2188 adgaudentes.
424 2118 515 2185 Quam
532 2135 593 2169 rem
609 2132 717 2180 rursus,
734 2116 798 2185 quia
814 2117 982 2171 incredibilis
998 2124 1047 2182 est,
1062 2117 1137 2168 testi·

125 2190 209 2243 aonio
228 2189 401 2260 comprobat,
422 2188 530 2239 dicens:
559 2188 618 2236 Hoc
641 2193 669 2238 et
693 2192 800 2236 montes
824 2185 974 2253 loquuntur
998 2192 1026 2236 et
1047 2185 1137 2236 silvae.

119 2256 191 2329 Quod
208 2265 295 2309 autem
312 2260 366 2311 ait:
384 2257 475 2323 coryli
492 2267 586 2321 testes,
603 2267 629 2306 et
638 2255 784 2324 flumina,
802 2263 964 2322 usurpatum
982 2261 1031 2308 est.
1063 2255 1137 2305 Nam

112 2342 189 2383 testes
204 2327 332 2396 flumina
351 2341 408 2379 non
424 2325 550 2376 dicimus.
610 2341 661 2376 uae
677 2324 753 2376 enim
776 2324 806 2373 in
824 2325 850 2374 is
868 2333 982 2389 exeunt,
1004 2330 1135 2373 neutrum

104 2400 131 2455 ir
148 2417 165 2449 e
183 2399 311 2461 mittunt,
326 2402 358 2445 ut
375 2395 463 2462 agilis
480 2395 564 2463 agile.
590 2402 593 2407 '
632 2391 718 2445 inec
733 2391 784 2444 hoo
802 2403 880 2457 teste,
897 2410 951 2444 nec
968 2393 1036 2443 baec
1054 2394 1134 2442 tertia

99 2464 250 2539 passibus
265 2464 366 2516 dicere.
388 2460 479 2515 'Unde
496 2479 546 2532 per
563 2458 752 2513 definitionem
770 2460 902 2512 debemus
919 2463 1029 2515 dicere:
1053 2467 1135 2511 testas

99 2536 173 2591 nihi
190 2540 269 2594 sunt;
292 2550 362 2601 quae
379 2529 442 2582 res?
466 2531 550 2598 coryli
569 2538 597 2578 et
618 2531 743 2581 flumina.
780 2529 824 2579 Sic
840 2530 969 2582 Horatius
987 2531 1091 2598 (Carra.
1108 2534 1135 2593 4,

99 2605 217 2667 Mtffl:
238 2601 330 2652 Testis
348 2600 510 2651 Metaurum
520 2599 642 2668 flumen.
676 2601 799 2666 Propert.
817 2602 853 2664 (2.
870 2599 947 2668 Eleg.
966 2601 1014 2661 9.):
1041 2596 1134 2648 Testes

99 2685 168 2726 sunt
185 2673 284 2723 sidera
302 2671 393 2722 nabis.
407 2694 441 2705 -
475 2679 518 2726 22.
540 2668 608 2717 Cum
627 2669 769 2734 complexa
788 2670 837 2718 sui
854 2683 956 2735 corpus
974 2668 1135 2718 miserabile

99 2746 178 2805 κείς
200 2740 360 2807 lugentium
384 2743 439 2799 est,
464 2746 494 2787 ut
517 2736 565 2805 [et]
588 2737 699 2806 corpori
722 2735 892 2788 inhaereant.
909 2763 944 2774 -
984 2744 1029 2794 23.
1046 2737 1134 2803 Atque

99 2814 163 2865 isos
182 2821 271 2876 atque
289 2821 367 2859 astra
385 2818 467 2858 vocat
484 2807 608 2859 crudelia
615 2826 623 2870 ;
648 2808 709 2873 [por
732 2821 804 2871 quae
826 2805 973 2856 hominum
995 2807 1053 2857 lata
1074 2821 1134 2855 mo-

99 2881 169 2941 seri,
192 2885 280 2943 atque
301 2875 412 2943 impleri
436 2875 479 2926 vel
501 2875 603 2925 mutari
626 2871 778 2944 putabant]
813 2872 889 2940 Quae
914 2874 1135 2927 acceleraverunt

99 2946 256 3020 Daphnidis
277 2953 407 2996 mortem.
426 2971 459 2980 -
493 2949 537 3000 25.
554 2942 644 2993 Nulla
670 2942 852 3010 quadrupe55=
870 2941 916 2992 hic
934 2942 1046 2994 ethaeo
1064 2959 1132 3009 qua-

99 3019 203 3084 drupes
227 3014 359 3066 dicimus:
381 3014 424 3079 [ut
446 3011 514 3080 ipse]
531 3011 597 3062 alibi
621 3013 694 3078 (Aen.
712 3020 744 3074 7,
761 3009 846 3072 5003:
871 3011 994 3063 Saucius
1017 3024 1046 3061 at
1064 3029 1133 3077 qua·

99 3088 201 3152 irupes
221 3095 290 3135 nota
309 3084 385 3132 intra
403 3091 472 3130 tecta
492 3080 604 3147 refugit.
621 3108 655 3117 -
689 3086 733 3136 28.
750 3078 917 3145 Montesque
928 3081 1005 3150 feri,
1029 3081 1131 3131 silvae-

99 3173 149 3222 que
173 3156 350 3220 loquantum
379 3148 555 3216 hyperbolice
578 3148 652 3199 dixit.
698 3148 733 3196 Et
754 3149 922 3215 notandum,
949 3147 1038 3216 quod,
1068 3165 1133 3199 cum

99 3223 203 3275 diceret
232 3222 291 3272 eius
314 3216 490 3286 apotheosin,
514 3234 529 3268 e
553 3224 650 3267 contra
671 3215 807 3267 laetitiam
830 3218 914 3270 rebus
932 3217 1059 3268 omnibus
1078 3217 1133 3282 dat,

99 3308 163 3361 puae
187 3306 268 3342 nunc
290 3288 320 3339 in
344 3303 473 3339 moerore
495 3285 578 3336 irrisae
601 3285 773 3336 memoravit.
796 3311 829 3323 -
881 3291 925 3342 29.
948 3285 1082 3355 Daphnis
1107 3298 1133 3337 et

99 3360 250 3410 Ismenias
269 3373 355 3427 curru
374 3356 543 3421 subiungere
561 3356 647 3419 tigres
666 3354 791 3403 instituit
797 3377 807 3417 ,-
824 3354 878 3405 hoc
895 3364 990 3423 aperte
1009 3356 1045 3408 ad
1063 3355 1132 3407 Cae·

99 3443 189 3479 sarem
209 3425 347 3491 pertinet:
368 3439 452 3489 quem
469 3429 575 3474 constat
592 3421 716 3488 primum
733 3438 812 3473 sacra
828 3423 923 3474 Liberi
941 3425 1026 3492 patris
1043 3431 1133 3474 trans·

99 3497 187 3548 tulisse
206 3495 340 3543 Romam.
376 3491 485 3563 Gurru;
510 3507 560 3561 pro
586 3493 693 3541 currui.
714 3520 746 3532 -
788 3498 831 3547 30.
850 3491 988 3555 Thiaros;
1012 3493 1132 3544 saltatio·

100 3582 159 3629 nes,
183 3564 313 3615 choreas,
347 3559 445 3610 Liberi
468 3560 486 3610 i.
511 3577 533 3611 e.
556 3558 688 3610 liberalia.
725 3557 809 3626 [Sunt
831 3561 907 3611 enim
931 3561 1014 3614 thiasi
1038 3569 1131 3612 coetus

99 3632 237 3701 virginum
263 3639 345 3698 atque
369 3643 519 3696 puerorum
549 3627 745 3678 bacchantium
774 3628 964 3696 plangentibus
988 3630 1132 3698 Nymphis.

99 3700 199 3753 [haunt
232 3700 319 3752 etiam
349 3699 450 3749 thiasos
474 3713 530 3748 esse
560 3696 651 3748 hastas
673 3697 754 3748 variis
777 3697 863 3759 sertisv
878 3698 1000 3763 indutas,
1029 3699 1127 3767 qrribus

99 3768 219 3822 bacchae
238 3768 371 3820 mulieres
387 3766 416 3818 in
432 3765 517 3816 sacris
529 3764 626 3816 Liberi
642 3765 728 3835 patris
745 3763 912 3828 utebantur]
925 3793 959 3802 —
994 3774 1038 3824 32.
1057 3766 1129 3817 Vitis

99 3852 126 3890 rt
148 3840 306 3890 arboribus
330 3837 440 3887 decoris
464 3846 518 3894 est3
542 3833 646 3901 [bene,
670 3841 700 3883 ut
723 3842 859 3904 pastores,
880 3834 1071 3886 similitudines
1094 3835 1129 3887 de

99 3909 175 3961 rebus
203 3905 359 3975 agrestibus
382 3900 511 3965 sumunt]
554 3901 643 3952 Locus
666 3901 808 3953 Theocriti
833 3911 873 3952 est
889 3902 948 3969 (ld.
966 3907 999 3963 8,
1015 3904 1077 3962 79.).
1093 3927 1128 3940 -
1199 3948 1202 3959 ,

99 3983 135 4034 34.
154 3977 248 4040 Tuis,·
273 3974 312 4025 sic
329 3981 361 4023 tu
378 3989 405 4024 es
420 3970 553 4022 Romanis
570 3972 686 4022 Caesar:
709 3971 747 4022 sic
771 3971 924 4039 pastoribus
941 3970 1078 4041 Daphnis.
1093 3996 1128 4008 -

99 4052 134 4104 35.
151 4046 252 4110 Pales,
278 4043 331 4096 dea
354 4041 536 4111 pabulorum,
558 4041 628 4110 [dea
650 4036 817 4112 pastoralia]
855 4037 1011 4109 Apollinem
1033 4045 1127 4092 autem

1190 394 1194 421 l
