2430 4620
93 282 140 352 7⁰
263 276 269 293 “
346 273 489 340 stum
511 273 871 340 COMMENTARIUS

102 459 174 523 dlis
196 461 233 515 At
255 477 305 530 ego
330 460 397 515 irinc
421 462 487 514 deas
504 478 619 530 pergam
637 462 794 514 salutatum
821 450 924 527 (At'ar
939 477 992 528 ego
1012 459 1105 526 deos,

104 542 184 584 nates
208 530 274 584 irinc
292 532 376 583 salut.
396 533 509 583 domum
535 532 681 593 divertar)
715 532 763 599 [Et
785 530 897 581 Plautus
920 528 949 581 in
976 529 1105 581 Curculio

105 603 148 668 (3,
167 605 199 666 1,
219 600 284 662 19.)=
309 598 383 667 Quis
398 613 453 666 ast,
477 601 528 667 qui
550 613 642 666 operto
664 602 755 667 capite
774 599 883 650 salutat
899 598 1105 664 Aesculapium

105 694 141 709 ···
182 674 244 727 258.
266 668 479 739 Erpediuntpue
510 686 629 729 manum
659 669 793 720 dimicare
824 684 854 719 se
878 667 945 720 velle
979 665 1105 731 significa

104 735 181 791 Haec
198 738 274 791 enim
291 747 331 790 est
347 738 489 792 consensio
506 738 641 790 militaris.
677 737 805 788 Lucanus
822 740 865 801 (1,
883 738 973 800 38ης
991 736 1105 803 Elatasq

107 805 162 858 alte
185 823 366 874 quaecunque
391 808 428 857 ad
454 807 527 859 bella
551 817 663 858 vocaret
687 804 842 865 Promisere
869 808 983 854 manus.
1002 820 1044 841 ·-
1089 812 1105 860 2

77 920 81 929 .
107 870 191 943 Quod
209 892 291 945 saepe
306 878 394 943 petivi
398 899 408 940 ,-
426 876 503 943 quasi
519 875 726 946 impetrativum
743 874 798 925 hoc
814 874 966 942 augurium
983 873 1045 924 vult
1058 872 1105 923 vidi

26 994 29 999 .
107 943 238 1011 Accipio,
269 961 446 1012 agnoscoque
478 945 559 1007 deon
587 941 672 995 modo
703 942 781 1012 quasi
813 941 849 994 de
872 942 993 994 oblativa
1017 941 1105 1010 loquit

107 1011 181 1067 Nam
195 1011 367 1068 iu'oblativis
384 1013 506 1080 auguriis
523 1013 553 1065 iu
577 1019 711 1081 potestate
729 1010 844 1066 videntia
861 1019 919 1076 est,
941 1019 1046 1062 utrum
1068 1009 1098 1061 id

108 1095 138 1136 es
159 1081 300 1153 pertinere
316 1081 395 1148 velit,
416 1099 452 1134 an
481 1082 586 1135 refutet
608 1088 638 1133 et
660 1080 846 1132 abominetur.
881 1080 958 1146 Ersso
982 1094 1061 1130 nunc
1085 1078 1105 1130 d

109 1165 139 1204 ta
162 1149 311 1217 augurium
333 1151 453 1203 libenter
477 1149 622 1221 amplecti,
645 1157 674 1202 et
696 1164 848 1217 agnoscere
870 1148 946 1199 circa
969 1164 1000 1200 se
1025 1149 1105 1200 favor

108 1217 235 1273 deorum.
252 1244 287 1261 ···
321 1224 382 1279 261.
401 1216 480 1285 Quos
499 1219 644 1338 improbus
662 1219 771 1268 aduena
791 1216 929 1280 Territus,-
947 1217 1105 1286 interprete

109 1287 274 1354 augurium:
298 1297 327 1341 et
349 1288 496 1339 confirmat
518 1287 527 1337 i
570 1287 606 1340 ad
631 1303 760 1354 praesens
783 1286 928 1354 negotium
945 1286 1105 1355 pertinere.

108 1359 172 1416 262.
197 1353 299 1410 Litora
323 1368 430 1420 vestrm
463 1355 538 1408 bona
560 1356 680 1408 iteratio.
723 1355 798 1407 Nam
821 1370 905 1425 supra
930 1358 985 1407 ait:
1018 1352 1105 1405 Litas

111 1425 240 1491 agitabat
263 1443 336 1477 aues.
353 1452 389 1464 -
428 1429 490 1482 263.
518 1424 553 1477 Vi
575 1425 707 1494 populat3
731 1424 852 1492 antique.
892 1423 966 1475 Nam
991 1431 1105 1475 veteres«.

110 1494 213 1562 populo
231 1501 259 1546 et
275 1495 396 1562 populor
412 1493 550 1548 dicebant.
583 1493 664 1544 Nunc
680 1500 791 1544 tantum
807 1493 928 1558 populor
940 1492 1093 1556 dicimm,.·

110 1561 220 1634 penitus
244 1563 279 1616 da
301 1579 353 1616 usn
375 1563 495 1617 recessit.
536 1559 705 1629 Penitusque
729 1579 780 1628 pro
799 1562 872 1611 unda
901 1559 969 1611 Vela
994 1562 1084 1622 dobin

110 1644 195 1699 supra
212 1629 370 1701 do'aquila:
394 1629 562 1698 Penitusqus
586 1633 618 1681 in
637 1629 737 1683 nubila
780 1632 849 1697 ugit.
866 1656 902 1669 ···
943 1633 1007 1688 264.
1026 1628 1105 1682 Der:

112 1709 255 1767 catervam
277 1701 372 1754 sicuti:
398 1699 491 1768 Cygni
514 1699 673 1767 hostemque
696 1716 745 1768 per
770 1715 859 1750 auras
881 1696 970 1750 Facta
994 1699 1067 1751 nube

113 1779 200 1823 munt.
217 1794 251 1807 -
286 1775 347 1830 266.
364 1767 399 1821 m
416 1769 550 1822 aduersos
569 1769 654 1821 telum
672 1770 809 1820 contorsit
827 1769 859 1818 in
877 1766 988 1832 hostes3
1012 1768 1064 1820 hoc

113 1835 150 1891 ab
173 1837 290 1890 Homeri
303 1838 478 1891 .oeconomia
499 1837 620 1893 recessit.
667 1837 717 1889 Ille
740 1844 835 1888 autem
864 1834 973 1889 inducit
992 1835 1105 1887 Mine·-

111 1907 326 1978 persuadentem
343 1906 476 1970 Pandaro,
493 1915 524 1957 ut
540 1906 611 1959 iacto
628 1905 658 1958 in
675 1905 838 1958 Menelaum
854 1905 910 1957 telo
927 1904 1042 1975 dissipet
1055 1905 1105 1955 f-

112 1989 162 2038 ra,
184 1974 237 2040 [(11.
255 1971 284 2039 d,
304 1976 373 2036 lit->r
390 1969 492 2044 ’Λγχοῦ
509 1994 534 2032 κ.
551 1994 578 2033 τ.
596 1971 632 2041 1.]
665 1975 717 2027 Hic
733 1989 798 2026 vero
816 1973 883 2025 dicit
905 1973 997 2043 ipsum
1015 1988 1066 2040 aug

50 2060 54 2069 ¹
111 2040 199 2096 telum
213 2052 310 2111 sponte
324 2043 448 2110 torsisse,
466 2051 493 2096 et
505 2043 636 2099 occidisse
646 2057 735 2094 unum
748 2044 784 2096 de
796 2050 898 2096 uov'em
911 2043 1058 2095 fratribus:

112 2111 236 2182 pertinet
249 2112 283 2164 ad
297 2114 499 2167 oeconomiam.
532 2112 650 2166 Necesse
671 2111 749 2166 enim
773 2118 848 2177 arat,
865 2118 896 2165 ut
913 2112 1015 2164 fratres
1028 2109 1091 2176 (al.

112 2177 349 2250 tris)[dolore]er
362 2182 443 2232 unius
464 2188 557 2236 morte
570 2181 705 2235 commoti
718 2178 823 2233 ballum
835 2186 990 2232 moverent
1025 2179 1052 2230 δί
1092 2195 1105 2226 s

113 2247 172 2301 vilis
189 2247 286 2316 aliquis
309 2250 453 2315 interiret,
476 2258 587 2319 poterat
611 2249 668 2302 cius
691 2262 770 2303 mors
787 2248 824 2300 ob
847 2248 969 2300 foederis
986 2245 1105 2316 religio:

112 2316 186 2370 forte
202 2318 350 2372 contemni.
370 2342 404 2356 ···
438 2323 500 2376 267.
517 2318 647 2371 Sonitum
665 2319 730 2383 dat,⁸
754 2317 773 2372 i.
791 2335 816 2370 e.
839 2318 923 2382 facit,
946 2318 990 2386 [ut
1012 2329 1104 2388 supra

113 2382 184 2448 79.)=
210 2384 254 2439 Tu
272 2388 324 2440 das
342 2388 435 2454 epuiis
452 2390 615 2441 accumbere
632 2386 749 2439 Diuum.
783 2387 820 2438 Et
834 2386 946 2438 Plautus
963 2386 993 2437 in
1011 2381 1105 2436 Aulula

113 2454 159 2520 (4,
176 2459 206 2517 ὁ,
225 2455 276 2518 1.):
299 2455 465 2511 Emortuom
490 2472 539 2525 ego
567 2475 608 2508 me
628 2458 758 2511 mavelim
783 2457 837 2508 leto
858 2456 949 2519 malo,
974 2453 1064 2520 Quam
1089 2465 1105 2499 n

115 2538 165 2588 ego
192 2524 237 2576 ilii
262 2525 328 2577 dein
352 2525 435 2578 hodie
461 2527 587 2579 insidias
611 2525 692 2594 seni]
736 2525 833 2590 Certa,·
859 2523 1031 2578 inevitabilis.
1071 2519 1105 2571 Ua

115 2592 238 2656 incerta,
261 2600 303 2646 est
324 2593 437 2647 infirma
460 2603 490 2646 et
512 2593 655 2649 evitabilis.
678 2622 713 2633 -
753 2599 815 2652 268.
837 2592 947 2662 [Simul
972 2592 1024 2656 hoa
1046 2592 1105 2644 sint

115 2658 228 2728 antiquo
245 2668 289 2713 ut:
314 2662 367 2715 Ille
385 2663 473 2717 simul
485 2662 623 2734 fugiens,
647 2662 771 2715 Rutulas
790 2663 879 2713 simul
897 2665 1023 2730 increpat
1040 2676 1105 2712 omns

114 2727 164 2783 Et:
188 2728 281 2784 Simul
297 2732 411 2786 Aenean
437 2733 469 2786 in
495 2736 573 2802 regia
598 2733 677 2785 ducit
701 2731 784 2784 Tecta
809 2731 896 2782 simul
919 2731 1018 2782 divum
1040 2729 1105 2799 templ

115 2797 219 2852 indicit
243 2799 396 2867 honorem]
421 2827 456 2839 ·-
497 2809 559 2861 270.
582 2799 675 2854 Hasta
699 2802 815 2863 volana
845 2800 937 2850 miuus
961 2807 1002 2852 est
1025 2816 1105 2867 namot

113 2862 196 2936 [Saue
219 2868 331 2936 reliquit
353 2871 464 2925 hastam
480 2871 578 2936 reeta,
601 2871 669 2923 dum
691 2869 748 2921 vtrlt
771 2868 855 2922 simul
877 2867 966 2920 multa
987 2868 1105 2921 describe:

115 2943 144 2986 et
165 2951 228 2990 rem
250 2936 449 3008 imperfectam
473 2940 579 3003 omisit3
602 2937 701 2993 deiude
725 2936 808 2991 rediit
831 2936 867 2988 ad
885 2935 1095 3004 descriptionem

114 3017 198 3076 supra
221 3006 252 3059 iu
275 3008 384 3075 augurii
406 3005 589 3076 narratione]
606 3033 640 3047 -·
674 3013 736 3065 273.
753 3003 864 3059 Horum
883 3022 990 3069 unuin,
1014 3006 1105 3059 ordor

8 3138 13 3149 Ι
113 3069 292 3143 Transadigit
316 3077 437 3149 [unum]
460 3085 561 3142 costas,
584 3085 613 3128 et
634 3075 752 3143 figurate
773 3073 841 3128 dixit
864 3091 954 3128 unum
977 3090 1030 3143 pro
1055 3078 1104 3126 uui

115 3137 232 3222 Teritur
250 3160 305 3210 qua
324 3144 422 3200 sutilis
447 3147 511 3199 aiva
530 3144 679 3207 Baithana,
702 3159 765 3197 rem
782 3143 924 3215 physicam
941 3143 1016 3198 diat.
1051 3143 1104 3195 Om

114 3225 192 3264 crum
209 3211 308 3281 quibus
325 3214 431 3269 utimur
447 3230 504 3270 non
521 3220 697 3277 uastarunt,
720 3212 769 3268 sed
786 3229 821 3265 ea
837 3227 886 3266 nos
903 3212 1035 3276 terimus,
1059 3222 1094 3265 ut.

114 3278 229 3345 nulum,
253 3289 371 3349 vestem,
394 3283 558 3403 {baltheum
593 3283 635 3335 Ad
654 3281 776 3335 medium
801 3288 897 3335 autem
914 3281 1056 3346 absolute,
1079 3280 1098 3337 i.

114 3345 164 3399 ubi
187 3348 246 3403 alvo
270 3350 371 3406 teritur
414 3352 529 3408 altheus.
546 3377 580 3391 -
624 3359 686 3411 275.
711 3350 864 3422 Egregium
886 3350 983 3423 forma
1010 3352 1105 3404 iuvent

102 3412 187 3489 ⁴bene
220 3415 266 3472 hio
297 3420 457 3488 egregium,
488 3421 590 3491 quippe
612 3420 661 3488 qui
691 3426 762 3472 esset
791 3418 826 3471 do
853 3420 974 3472 fratrum
1004 3434 1099 3488 grege.

115 3490 178 3544 277.
196 3485 232 3539 Ar
244 3485 369 3555 fratres,
387 3505 439 3561 pro
457 3502 487 3543 at
498 3488 628 3561 fratrum
646 3486 732 3558 para]
768 3487 904 3541 Animosa
917 3487 1045 3556 phalanx
1051 3513 1061 3555 ,-
1080 3508 1105 3559 qr

114 3551 249 3673 phalanx,
272 3554 291 3608 i.
311 3574 334 3610 e.
350 3557 432 3631 legio.
468 3560 516 3632 [Et
533 3557 605 3611 bene
623 3574 640 3611 a
656 3550 790 3621 numero,
813 3574 830 3608 a
846 3557 1050 3626 germanitate,
1074 3577 1092 3612 a

84 3682 87 3688 ¹
136 3620 237 3688 tlitate,
254 3640 271 3679 a
287 3625 394 3693 torma,
411 3626 446 3682 ab
464 3633 571 3692 aetate,
588 3626 625 3679 ab
642 3625 759 3681 vulneris
777 3640 894 3692 genero,
911 3625 947 3682 ab
964 3625 1051 3699 ipsius
1067 3627 1105 3680 lar

115 3704 257 3763 operiere
274 3696 373 3750 mortis
397 3695 524 3753 incitatio
541 3694 626 3764 nata]
644 3721 677 3731 -
712 3697 773 3754 279.
793 3693 891 3759 Caesi,-
916 3693 968 3766 [ut]
991 3696 1089 3749 salutis

113 3758 228 3831 providi.
263 3761 311 3833 [Et
333 3763 405 3818 bene
429 3765 488 3820 iam
512 3779 570 3819 nou
594 3781 672 3834 pars,
695 3761 743 3816 sed
760 3761 899 3829 universi]
915 3791 951 3804 .„
984 3766 1102 3824 280.1n

115 3827 201 3897 dant,
218 3844 298 3883 more
315 3833 406 3887 undae
422 3833 523 3907 fluunt.
536 3857 571 3873 ι·-
594 3839 657 3890 281.
674 3832 889 3903 [Agylliniqum
906 3847 959 3954 pro
972 3833 1097 3885 Etruscis

35 3964 39 3971 .
115 3893 193 3951 enim
218 3905 316 3956 contra
333 3901 508 3959 Mezentium
532 3909 659 3958 auctores
684 3900 882 3955 coniurationis
920 3910 1027 3957 uerunt.
1069 3903 1105 3956 Pi

114 3963 238 4020 Arcades
256 3972 362 4038 armirp
387 3970 460 4026 benc
476 3971 558 4039 pictis
575 3970 652 4024 utin
669 3968 819 4022 undecimo
837 3968 919 4034 (93.):
944 3969 980 4024 Et
997 3974 1090 4027 versis

52 4093 62 4101 .
116 4034 200 4088 rader
219 4040 325 4108 armis,
348 4047 380 4094 ut
397 4047 509 4096 ornatus
525 4039 666 4116 picturae,
687 4039 787 4094 lateret
802 4037 834 4093 in
845 4036 945 4109 ,luctu-1
961 4065 995 4081 ···
1030 4046 1094 4102 262.
