2430 4620
141 258 207 323 192
403 252 543 315 stnvn
566 250 923 315 COMMENTARIUS

140 438 255 494 morbus
270 437 419 503 incessere,
442 437 552 489 Plautus
569 438 598 489 in
615 438 745 492 Addicto:
770 438 851 503 Opus
863 439 963 508 secere
982 442 1072 493 nimio
1093 459 1177 508 quam

140 512 263 565 dormire
287 510 412 573 inuenio,
446 507 593 559 Veternusn
620 506 740 573 turtum]
796 509 932 559 Veternus
954 519 1052 561 eutem
1076 511 1177 562 dicitur

139 578 253 633 morlnss
270 577 389 629 intercus
406 577 423 627 i.
441 594 464 629 e.
484 568 593 641 i'dpup.
620 578 666 643 qui
684 576 810 628 hornines'
828 578 911 628 nteit
929 578 1035 647 pigros,
1053 580 1093 645 [et
1110 580 1176 629 dici·

139 664 202 701 tuut
218 646 265 696 hir
283 646 424 705 lutcrcus,
451 645 538 695 huius
558 646 719 695 lntcrcutis.
742 672 775 682 -
812 651 871 704 125.
889 648 959 697 Ante
978 647 1086 710 lovem,
1112 660 1176 700 aute

138 731 257 787 regntuu
280 714 356 765 loris.
392 714 489 773 ll‘ulli3
517 722 619 765 renate
645 730 695 783 pro
721 732 777 765 non
802 716 957 795 significet,
976 715 1124 767 Terentius
1146 717 1174 767 in

137 788 246 853 Hecyra
263 788 312 847 (Ι,
330 796 362 848 2,
377 784 426 842 w:
451 782 482 833 δι’
501 801 558 833 non
576 787 701 849 qssaers't,
719 785 817 834 nuilus
836 786 958 844 dixeris:
984 792 1016 834 ut
1031 787 1091 853 ipse
1109 785 1174 836 alibi

138 856 186 925 (G.
203 866 236 917 4,
253 851 339 912 bib-b
363 852 452 902 n'utta
477 851 568 900 l'cnus
595 869 650 901 nun
678 854 732 901 ulli
750 855 878 901 animum
896 850 1024 920 flexere(
1050 854 1119 904 'l'ale
1137 862 1173 904 est

138 926 179 991 (E.
196 928 228 986 6,
245 920 296 981 6.)t
320 920 355 969 Et
373 922 415 970 nil
434 939 492 971 ruso
512 920 641 969 carminis
661 936 760 991 meros,
784 938 835 990 pru
855 940 911 971 non
930 939 1026 972 curas.
1058 922 1171 989 Subige-

137 995 222 1053 bant3
245 987 413 1053 domabant,
436 990 595 1051 usoilihant,
621 1005 652 1039 uc
671 1007 719 1059 per
737 989 791 1041 hoc
808 1006 856 1039 sno
875 991 968 1041 labore
986 991 1124 1043 colebant.
1143 1017 1173 1027 -·

138 1068 199 1121 126.
216 1056 339 1120 Limite,
362 1059 499 1121 unuinu,
523 1068 552 1108 ut
569 1064 628 1123 (12,
647 1061 732 1119 nuni:
760 1058 854 1110 Limes
874 1078 942 1125 ngro
960 1062 1082 1125 positus.
1117 1058 1171 1110 n‘es

138 1135 253 1199 signare
271 1128 398 1192 quidem,
416 1128 541 1193 rigescere,
558 1136 671 1189 noture,
685 1136 833 1195 propterea
849 1130 923 1195 quod
939 1144 1005 1178 curn
1023 1130 1087 1195 agri
1103 1129 1172 1179 colo·

137 1201 180 1253 nie
202 1196 405 1262 dividerentur,
434 1200 505 1247 lesse
538 1198 692 1248 ducebatur
719 1196 753 1247 ab
780 1197 895 1248 Oriente
924 1198 960 1248 ad
985 1196 1172 1262 Occidentem,

137 1286 208 1338 quse
227 1265 311 1315 cardo
330 1264 556 1330 nuncupabatur,
579 1272 607 1315 ct
624 1264 677 1317 ulia
695 1264 729 1315 de
747 1264 939 1336 septentrione
963 1265 998 1316 ad
1016 1266 1172 1329 bleridiem,

137 1337 185 1405 qui
209 1335 375 1386 decimemus
398 1334 479 1383 lienes
502 1334 666 1384 vocabatur:
692 1340 720 1385 et
743 1335 790 1385 alii
814 1334 936 1385 ruinores
954 1343 1036 1386 erant
1058 1335 1089 1386 in
1107 1336 1170 1387 obli-

138 1421 224 1474 quum
248 1402 373 1465 discreti,
398 1403 444 1468 qui
469 1403 591 1452 lineares
616 1401 841 1472 appellabantur,
865 1410 894 1454 et
911 1418 991 1470 agros
1011 1421 1063 1469 per
1081 1412 1172 1456 eentu-

137 1473 192 1527 riae
208 1473 263 1524 site
280 1488 330 1541 per
347 1470 443 1539 iugera
456 1470 553 1521 divisos
571 1472 744 1523 eo'e'rcebant.
757 1500 792 1509 -
827 1478 887 1526 127.
906 1470 972 1536 lpse
987 1474 1089 1535 tellus,·
1107 1474 1171 1540 ipsu,

138 1543 226 1606 ultro,
241 1546 338 1609 sponte
354 1555 418 1603 sua,
436 1547 465 1588 ut
482 1541 529 1601 (li.
548 1546 580 1603 4,
597 1540 664 1601 nti:
689 1540 770 1605 lpstse
787 1542 857 1591 lacte
877 1541 998 1592 doricum.
1018 1542 1093 1591 'Aut
1109 1560 1169 1607 par-

138 1613 207 1675 u'ri,
232 1606 352 1660 dividere
376 1616 403 1657 et
421 1608 573 1675 designare.
609 1608 680 1673 Fas,
698 1610 716 1658 i.
734 1627 758 1660 e.
767 1653 775 1679 ,
798 1607 860 1673 lete]
895 1609 929 1659 ln
948 1610 1089 1674 medium,
1115 1612 1132 1661 i.
1149 1628 1170 1660 e.

135 1680 166 1733 in
189 1693 353 1740 commune,
376 1676 412 1743 [i.
430 1696 468 1740 e.,
491 1677 520 1727 in
543 1676 699 1744 publicum,
724 1685 754 1727 ut
777 1679 834 1746 ipse
860 1677 926 1729 alibi
950 1683 996 1745 (A.
1015 1684 1063 1744 11,
1087 1678 1171 1740 335)ss

135 1748 268 1801 consulite
291 1747 320 1795 iu
351 1743 500 1809 inedium]
524 1772 558 1780 -
610 1752 668 1803 128.
695 1746 802 1796 Omnia
827 1747 962 1812 liberius,-
995 1748 1061 1815 quia
1091 1764 1171 1816 supro

49 1848 53 1859 .
138 1815 205 1885 (99)
223 1815 275 1866 ait:
300 1814 388 1878 Atque
412 1818 531 1878 imperat
554 1816 640 1863 orvis.
674 1814 738 1881 [Alii
762 1816 881 1865 liberius
899 1832 950 1882 pro
968 1815 1113 1869 liberalius
1130 1832 1175 1867 so·

136 1885 257 1954 cipiunt,
279 1881 365 1941 benet
388 1890 454 1933 tunc
478 1883 554 1933 enirn
578 1881 665 1933 libere
689 1892 788 1936 curu:ta
809 1894 906 1953 sponte
930 1884 1076 1937 ferebant:
1100 1900 1171 1936 nunc

18 1988 23 1999 .
89 1992 92 1997 .
136 1963 232 2006 autem
256 1952 411 2019 imperante
438 1951 493 2003 alio
518 1968 567 2021 per
589 1950 715 2002 laborem
735 1944 863 2004 'culturae
887 1953 1017 2004 serviunt.
1035 1980 1070 1990 -
1112 1960 1171 2009 129.

137 2024 205 2085 Πᾶς
231 2022 354 2088 luppiter
371 2017 489 2082 scilicet,
513 2020 626 2089 adeptus
644 2019 815 2085 imperium]
848 2021 959 2072 illalum
978 2020 1172 2087 virus;,bene

137 2090 171 2144 ad
188 2090 382 2143 discretionem
400 2090 540 2158 epitheton
561 2088 665 2139 addidit
682 2091 796 2139 rnatum.
831 2091 903 2140 Nuus
921 2093 1000 2140 virus
1019 2099 1048 2145 et
1064 2090 1169 2141 bonum

136 2168 165 2213 et
187 2158 293 2211 malum
311 2167 365 2220 est,
388 2158 458 2206 sicut
480 2173 632 2208 venenurn:
655 2175 719 2209 narn
746 2159 821 2209 idem
845 2167 892 2209 est.
927 2160 1011 2210 lenit
1033 2167 1128 2209 autem
1151 2174 1169 2207 a

136 2229 261 2281 Graeco:
285 2232 396 2276 namet
419 2220 458 2275 illi
476 2221 619 2291 φάρμακον
643 2227 766 2277 medium
789 2226 906 2290 habeut,
930 2228 947 2278 i.
966 2246 989 2280 e.
1014 2228 1117 2279 bouum
1141 2233 1170 2276 et

136 2297 250 2349 molunt.
284 2293 354 2344 Sane
377 2292 400 2339 V
400 2297 476 2358 irus,
493 2295 576 2345 hodie
594 2304 649 2346 tres
666 2303 775 2345 tuntuns
793 2296 877 2358 habet
894 2313 985 2346 casus:
1011 2296 1062 2347 hoc
1080 2297 1169 2356 virus,

135 2365 188 2417 boc
212 2367 308 2424 virus,
332 2381 347 2413 o
372 2365 461 2412 virus.
503 2364 629 2431 Antiqui,
655 2363 743 2412 lartius
768 2366 826 2413 ciri
849 2365 985 2415 dicebaut.
1025 2362 1170 2415 Lucretius

137 2438 174 2499 (2,
187 2432 276 2494 475.);
295 2431 371 2481 Tctri
389 2432 546 2495 primordio
567 2435 630 2481 viri.
665 2433 881 2499 [Nonnunquu'tn
899 2449 950 2499 pro
969 2436 1076 2484 foetore
1092 2431 1172 2498 poni·

135 2510 181 2553 tur
199 2504 294 2565 cirus,
319 2507 349 2548 ut
373 2498 446 2568 apud
464 2498 616 2551 Lucilium:
643 2503 760 2550 Anseris
786 2501 902 2551 herbilis
930 2505 1018 2551 virus.
1056 2501 1172 2555 Addidit

137 2577 185 2621 ant
208 2567 344 2632 abundat,
367 2577 415 2618 aut
432 2566 549 2633 addidit,
573 2570 638 2636 quin
661 2569 803 2621 habebunt
826 2580 889 2621 astte
915 2568 1041 2620 nonnihil
1065 2570 1171 2627 veneni.

136 2640 228 2704 Attis,
252 2638 335 2687 modo
353 2636 454 2701 noxiis,
477 2637 495 2685 i.
514 2655 538 2688 e.
555 2640 589 2689 ud
607 2640 734 2690 tenebras
752 2648 779 2690 et
797 2647 918 2689 mortens
936 2638 1119 2688 mittentibus.
1135 2664 1171 2672 -

137 2714 198 2766 130·
216 2704 403 2770 Praednrique
422 2705 504 2772 lupos
523 2708 626 2769 iussit,
645 2716 739 2756 utrunt
758 2716 788 2756 ut
805 2708 856 2777 ipsi
875 2707 989 2775 praedas
1007 2706 1119 2769 iaciant,
1135 2723 1171 2756 an

135 2785 167 2827 ut
190 2776 242 2844 ipsi
265 2773 428 2842 capiantur?
464 2772 634 2842 Pontumque
660 2778 782 2836 ruoven'3
807 2779 892 2827 ventis
910 2776 1020 2826 seilicet.
1056 2774 1171 2824 Cicero:

136 2843 217 2894 Mare
241 2856 367 2896 movetur
391 2845 497 2904 ventis,
522 2842 555 2892 be
576 2856 708 2910 putescat.
728 2871 760 2881 -
803 2851 861 2900 131.
880 2844 1020 2908 lilellapue
1046 2844 1170 2893 decussit

136 2906 235 2978 foliis,
259 2914 324 2980 quia
342 2919 382 2963 est
400 2911 508 2978 opinio,
532 2911 641 2965 flunsse
658 2913 803 2963 arboribus
821 2912 923 2976 tuella]
959 2913 1109 2979 ignemque
1130 2929 1170 2960 re·

138 2984 239 3044 movitj
257 2997 313 3033 non
332 2979 463 3047 [penitus]
480 2981 600 3045 sustulit,
618 2984 686 3049 [non
704 2980 839 3045 extinxitl,
864 2983 910 3032 sed
930 2981 1057 3032 occuluit.
1092 2980 1170 3030 Unde

136 3058 177 3101 est
193 3052 232 3114 (A.
248 3056 275 3114 6,
291 3049 342 3111 7.):
361 3048 481 3115 Quaerit
498 3067 565 3113 pars
583 3054 690 3100 semina
703 3050 856 3116 flammae,
874 3052 1020 3114 Abstrusa,
1038 3055 1071 3099 in
1089 3047 1169 3098 venis

135 3119 238 3168 silicis.
257 3149 289 3158 -
325 3127 386 3173 132.
411 3117 548 3184 [Passi1n3
575 3120 759 3179 abundantem
781 3120 890 3186 ubique.
926 3120 1024 3175 ntum
1048 3117 1169 3168 flumini·

135 3185 195 3237 bns.
212 3210 245 3223 -
282 3192 341 3242 133.
362 3185 396 3234 Ut
415 3190 511 3236 varios
531 3205 616 3249 usus3
636 3204 696 3237 usus
713 3174 731 3252 ἤ
749 3191 846 3254 πεῖρα,
873 3197 903 3238 nt
918 3174 1019 3238 cutn'o
1041 3203 1071 3235 us
1087 3187 1168 3249 rebus

136 3261 220 3319 esset,
243 3256 462 3320 excogitarentur
488 3264 575 3319 artes,
599 3273 649 3323 per
674 3272 739 3324 quas
764 3258 960 3308 invenirentur.
1002 3205 1166 3306 dieditando

136 3322 171 3374 ab
189 3330 287 3391 agente
305 3330 359 3385 est,
382 3324 399 3375 i.
418 3343 441 3375 e.
458 3324 525 3374 dunt
543 3323 710 3388 meditatur]
745 3325 930 3390 distenderet,
955 3325 1074 3375 studiose
1091 3341 1167 3391 repe·

135 3391 204 3443 siret
220 3399 249 3443 et
265 3391 376 3442 coleret.
389 3418 423 3430 -
459 3399 520 3448 134.
537 3392 706 3459 [Prsuloti1n3
726 3395 865 3462 epitheton
884 3394 985 3445 artium
1004 3391 1066 3455 est]
1098 3390 1165 3441 Fru-

137 3462 222 3511 menti
240 3458 367 3521 lterbasn;
392 3462 559 3530 periphrasis
581 3464 693 3530 segetis,
717 3465 758 3531 [ut
776 3464 818 3526 (E.
837 3469 868 3527 5,
886 3462 953 3522 2b·)2
978 3460 1036 3511 Nec
1062 3461 1165 3526 grami-

136 3532 183 3579 nis
207 3531 260 3578 otti
281 3531 304 3576 it
328 3527 448 3577 berham·
498 3529 664 3594 Quaererem
689 3531 707 3581 i.
733 3550 756 3582 e.
779 3531 838 3596 ipse
862 3547 938 3592 usus,
964 3539 992 3581 et
1015 3535 1165 3597 quaereret,

91 3606 96 3617 “
136 3596 213 3666 qttasi
230 3547 320 3648 adbuc
338 3598 411 3663 quod
430 3613 483 3647 non
503 3608 586 3662 esset,
608 3599 626 3650 i.
646 3619 668 3650 e.
687 3599 763 3667 quasi
781 3601 853 3649 intus
870 3599 898 3650 in
918 3598 996 3648 sulcis
1015 3604 1164 3665 quaereret.

135 3693 169 3703 -
206 3672 265 3723 135.
285 3664 322 3715 Ut
340 3667 433 3715 silicis
452 3670 547 3734 venis,
573 3668 685 3737 proprie
703 3669 822 3734 dictetur,
840 3667 1039 3735 Quadrigarius
1057 3673 1164 3734 quarto:

143 3859 213 3909 426)
242 3860 268 3898 G.
282 3859 336 3897 luter
353 3858 440 3896 ,limitem
460 3866 481 3896 et
496 3858 600 3896 terminum
615 3858 653 3894 ltoc
669 3857 757 3896 interest.
794 3860 861 3897 Limes
876 3865 1003 3896 consecratus
1019 3866 1061 3906 cst,
1082 3859 1131 3896 adeo
1144 3860 1162 3893 td

218 3917 312 3968 quoniam
326 3915 342 3940 *¹*
352 3918 431 3954 Turnus
447 3928 491 3952 curn
505 3915 653 3952 commoriens
667 3923 734 3952 cuturn
746 3919 845 3953 termissus
858 3915 915 3953 linus
930 3929 1028 3965 agrorum.

161 4005 212 4055 129)
240 4008 266 4046 G.
279 4007 333 4046 idem
348 4010 379 4044 est
391 4004 428 4043 sub
443 4006 528 4045 Sauuuo
543 4006 598 4045 sucre
613 4014 727 4056 serpentes,
742 4007 778 4046 scd
792 4006 834 4044 siue
849 4018 933 4045 veneno.
953 4062 958 4068 θ
