<?xml version="1.0" encoding="UTF-8"?>
<!DOCTYPE html PUBLIC "-//W3C//DTD XHTML 1.0 Transitional//EN"
    "http://www.w3.org/TR/xhtml1/DTD/xhtml1-transitional.dtd">
<html xmlns="http://www.w3.org/1999/xhtml" xml:lang="en" lang="en">
 <head>
  <title>
</title>
<meta http-equiv="Content-Type" content="text/html;charset=utf-8" />
  <meta name='ocr-system' content='tesseract 3.04.00' />
  <meta name='ocr-capabilities' content='ocr_page ocr_carea ocr_par ocr_line ocrx_word'/>
</head>
<body>
  <div class='ocr_page' id='page_1' title='image "./commentariiinvi00honogoog_0215.png"; bbox 0 0 2430 4620; ppageno 0'>
   <div class='ocr_carea' id='block_1_1' title="bbox 143 238 924 349">
    <p class='ocr_par' dir='ltr' id='par_1_1' title="bbox 143 238 924 349">
     <span class='ocr_line' id='line_1_1' title="bbox 143 238 924 349; baseline -0.013 0"><span class='ocrx_word' id='word_1_1' title='bbox 143 284 211 349; x_wconf 79' lang='lat' dir='ltr'><strong>eos</strong></span> <span class='ocrx_word' id='word_1_2' title='bbox 346 256 353 273; x_wconf 89' lang='lat'>&#39;</span> <span class='ocrx_word' id='word_1_3' title='bbox 409 274 548 337; x_wconf 82' lang='lat' dir='ltr'><strong>senen</strong></span> <span class='ocrx_word' id='word_1_4' title='bbox 570 238 924 339; x_wconf 65' lang='lat' dir='ltr'><strong>conscendentes</strong></span> 
     </span>
    </p>
   </div>
   <div class='ocr_carea' id='block_1_2' title="bbox 141 456 1179 1147">
    <p class='ocr_par' dir='ltr' id='par_1_2' title="bbox 141 456 1179 1147">
     <span class='ocr_line' id='line_1_2' title="bbox 146 456 1179 531; baseline -0.001 -15"><span class='ocrx_word' id='word_1_5' title='bbox 146 466 199 516; x_wconf 72' lang='lat' dir='ltr'><strong>bers</strong></span> <span class='ocrx_word' id='word_1_6' title='bbox 217 464 329 531; x_wconf 60' lang='lat' dir='ltr'><strong>sepis,-</strong></span> <span class='ocrx_word' id='word_1_7' title='bbox 339 461 422 525; x_wconf 60' lang='lat' dir='ltr'><strong>,sieut</strong></span> <span class='ocrx_word' id='word_1_8' title='bbox 436 461 543 513; x_wconf 82' lang='lat' dir='ltr'><strong>dictum</strong></span> <span class='ocrx_word' id='word_1_9' title='bbox 559 468 601 513; x_wconf 89' lang='lat' dir='ltr'><strong>est</strong></span> <span class='ocrx_word' id='word_1_10' title='bbox 616 456 674 513; x_wconf 86' lang='lat' dir='ltr'><strong>r&#39;ern</strong></span> <span class='ocrx_word' id='word_1_11' title='bbox 726 468 789 513; x_wconf 79' lang='lat' dir='ltr'><strong>etse</strong></span> <span class='ocrx_word' id='word_1_12' title='bbox 806 476 838 513; x_wconf 82' lang='lat' dir='ltr'><strong>er</strong></span> <span class='ocrx_word' id='word_1_13' title='bbox 854 460 944 515; x_wconf 78' lang='lat' dir='ltr'><strong>calido</strong></span> <span class='ocrx_word' id='word_1_14' title='bbox 960 462 1072 528; x_wconf 84' lang='lat' dir='ltr'><strong>medin,</strong></span> <span class='ocrx_word' id='word_1_15' title='bbox 1089 471 1119 515; x_wconf 92' lang='lat' dir='ltr'><strong>et</strong></span> <span class='ocrx_word' id='word_1_16' title='bbox 1132 464 1179 515; x_wconf 79' lang='lat' dir='ltr'><strong>sri-</strong></span> 
     </span>
     <span class='ocr_line' id='line_1_3' title="bbox 145 527 1178 603; baseline 0.001 -20"><span class='ocrx_word' id='word_1_17' title='bbox 145 534 215 603; x_wconf 68' lang='lat' dir='ltr'><strong>gr&#39;dis</strong></span> <span class='ocrx_word' id='word_1_18' title='bbox 232 527 361 583; x_wconf 78' lang='lat' dir='ltr'><strong>extremis</strong></span> <span class='ocrx_word' id='word_1_19' title='bbox 375 530 493 581; x_wconf 84' lang='lat' dir='ltr'><strong>circulis.</strong></span> <span class='ocrx_word' id='word_1_20' title='bbox 511 556 544 567; x_wconf 91' lang='lat'><em>-</em></span> <span class='ocrx_word' id='word_1_21' title='bbox 579 535 639 585; x_wconf 67' lang='lat'><strong>238.</strong></span> <span class='ocrx_word' id='word_1_22' title='bbox 679 549 709 580; x_wconf 78' lang='lat' dir='ltr'><strong>er</strong></span> <span class='ocrx_word' id='word_1_23' title='bbox 727 531 841 592; x_wconf 80' lang='lat' dir='ltr'><strong>arnbas;</strong></span> <span class='ocrx_word' id='word_1_24' title='bbox 865 548 930 582; x_wconf 83' lang='lat' dir='ltr'><strong>erun</strong></span> <span class='ocrx_word' id='word_1_25' title='bbox 947 533 1016 584; x_wconf 84' lang='lat' dir='ltr'><strong>vitet</strong></span> <span class='ocrx_word' id='word_1_26' title='bbox 1034 540 1178 601; x_wconf 78' lang='lat' dir='ltr'><strong>utromque</strong></span> 
     </span>
     <span class='ocr_line' id='line_1_4' title="bbox 143 598 1179 671; baseline -0.001 -17"><span class='ocrx_word' id='word_1_27' title='bbox 143 609 347 671; x_wconf 72' lang='lat' dir='ltr'><strong>temperatam,</strong></span> <span class='ocrx_word' id='word_1_28' title='bbox 373 598 433 669; x_wconf 80' lang='lat' dir='ltr'><strong>ipss</strong></span> <span class='ocrx_word' id='word_1_29' title='bbox 457 599 614 667; x_wconf 76' lang='lat' dir='ltr'><strong>praeposito</strong></span> <span class='ocrx_word' id='word_1_30' title='bbox 638 599 689 649; x_wconf 82' lang='lat' dir='ltr'><strong>Per</strong></span> <span class='ocrx_word' id='word_1_31' title='bbox 714 615 765 666; x_wconf 88' lang='lat' dir='ltr'><strong>pro</strong></span> <span class='ocrx_word' id='word_1_32' title='bbox 791 601 865 650; x_wconf 83' lang='lat' dir='ltr'><strong>inter</strong></span> <span class='ocrx_word' id='word_1_33' title='bbox 887 599 945 650; x_wconf 81' lang='lat' dir='ltr'><strong>ecci</strong></span> <span class='ocrx_word' id='word_1_34' title='bbox 966 600 1049 653; x_wconf 82' lang='lat' dir='ltr'><strong>lende</strong></span> <span class='ocrx_word' id='word_1_35' title='bbox 1073 610 1123 653; x_wconf 84' lang='lat' dir='ltr'><strong>est</strong></span> <span class='ocrx_word' id='word_1_36' title='bbox 1148 628 1179 638; x_wconf 93' lang='lat'>-</span> 
     </span>
     <span class='ocr_line' id='line_1_5' title="bbox 145 617 1178 735; baseline 0.004 -18"><span class='ocrx_word' id='word_1_37' title='bbox 145 680 207 729; x_wconf 71' lang='lat'><strong>23¹).</strong></span> <span class='ocrx_word' id='word_1_38' title='bbox 225 668 306 735; x_wconf 71' lang='lat' dir='ltr'><strong>Qun,</strong></span> <span class='ocrx_word' id='word_1_39' title='bbox 332 683 381 734; x_wconf 89' lang='lat' dir='ltr'><strong>per</strong></span> <span class='ocrx_word' id='word_1_40' title='bbox 397 664 503 733; x_wconf 80' lang='lat' dir='ltr'><strong>qersus]</strong></span> <span class='ocrx_word' id='word_1_41' title='bbox 519 693 553 704; x_wconf 90' lang='lat'>-</span> <span class='ocrx_word' id='word_1_42' title='bbox 594 672 656 723; x_wconf 70' lang='lat'><strong>240.</strong></span> <span class='ocrx_word' id='word_1_43' title='bbox 672 666 803 719; x_wconf 82' lang='lat' dir='ltr'><strong>Mendes</strong></span> <span class='ocrx_word' id='word_1_44' title='bbox 830 681 859 717; x_wconf 87' lang='lat' dir='ltr'><strong>ut</strong></span> <span class='ocrx_word' id='word_1_45' title='bbox 883 670 919 718; x_wconf 83' lang='lat' dir='ltr'><strong>ad</strong></span> <span class='ocrx_word' id='word_1_46' title='bbox 936 617 1099 735; x_wconf 51' lang='lat' dir='ltr'><strong>hydram,</strong></span> <span class='ocrx_word' id='word_1_47' title='bbox 1123 670 1178 723; x_wconf 77' lang='lat' dir='ltr'><strong>inm</strong></span> 
     </span>
     <span class='ocr_line' id='line_1_6' title="bbox 142 734 1177 808; baseline 0.001 -18"><span class='ocrx_word' id='word_1_48' title='bbox 142 737 211 808; x_wconf 84' lang='lat' dir='ltr'><strong>[hie]</strong></span> <span class='ocrx_word' id='word_1_49' title='bbox 228 736 352 788; x_wconf 83' lang='lat' dir='ltr'><strong>derirritio</strong></span> <span class='ocrx_word' id='word_1_50' title='bbox 369 743 410 787; x_wconf 86' lang='lat' dir='ltr'><strong>est</strong></span> <span class='ocrx_word' id='word_1_51' title='bbox 427 735 512 785; x_wconf 90' lang='lat' dir='ltr'><strong>nostri</strong></span> <span class='ocrx_word' id='word_1_52' title='bbox 529 734 663 800; x_wconf 63' lang='lat' dir='ltr'><strong>climatis,</strong></span> <span class='ocrx_word' id='word_1_53' title='bbox 684 735 703 786; x_wconf 87' lang='lat' dir='ltr'><strong>i.</strong></span> <span class='ocrx_word' id='word_1_54' title='bbox 720 751 744 785; x_wconf 92' lang='lat' dir='ltr'><strong>e.</strong></span> <span class='ocrx_word' id='word_1_55' title='bbox 761 744 873 789; x_wconf 80' lang='lat' dir='ltr'><strong>nostrae</strong></span> <span class='ocrx_word' id='word_1_56' title='bbox 888 735 1085 789; x_wconf 66' lang='lat' dir='ltr'><strong>habitationis:</strong></span> <span class='ocrx_word' id='word_1_57' title='bbox 1109 756 1177 807; x_wconf 79' lang='lat' dir='ltr'><strong>quae</strong></span> 
     </span>
     <span class='ocr_line' id='line_1_7' title="bbox 143 803 1177 875; baseline -0.002 -16"><span class='ocrx_word' id='word_1_58' title='bbox 143 826 161 859; x_wconf 87' lang='lat' dir='ltr'><strong>s</strong></span> <span class='ocrx_word' id='word_1_59' title='bbox 184 806 376 873; x_wconf 75' lang='lat' dir='ltr'><strong>septentrione</strong></span> <span class='ocrx_word' id='word_1_60' title='bbox 406 803 553 872; x_wconf 88' lang='lat' dir='ltr'><strong>iucipiens,</strong></span> <span class='ocrx_word' id='word_1_61' title='bbox 584 806 613 855; x_wconf 86' lang='lat' dir='ltr'><strong>in</strong></span> <span class='ocrx_word' id='word_1_62' title='bbox 637 804 755 857; x_wconf 77' lang='lat' dir='ltr'><strong>Arutreli</strong></span> <span class='ocrx_word' id='word_1_63' title='bbox 779 805 878 857; x_wconf 77' lang='lat' dir='ltr'>desinit</span> <span class='ocrx_word' id='word_1_64' title='bbox 901 805 991 875; x_wconf 72' lang='lat' dir='ltr'><strong>plage.</strong></span> <span class='ocrx_word' id='word_1_65' title='bbox 1039 806 1177 875; x_wconf 83' lang='lat' dir='ltr'><strong>Ripbeess</strong></span> 
     </span>
     <span class='ocr_line' id='line_1_8' title="bbox 143 871 1176 959; baseline -0.002 -33"><span class='ocrx_word' id='word_1_66' title='bbox 143 884 237 959; x_wconf 55' lang='lat' dir='ltr'><strong>neptem</strong></span> <span class='ocrx_word' id='word_1_67' title='bbox 254 889 346 936; x_wconf 81' lang='lat' dir='ltr'><strong>seces,</strong></span> <span class='ocrx_word' id='word_1_68' title='bbox 368 871 508 938; x_wconf 74' lang='lat' dir='ltr'><strong>Scythium</strong></span> <span class='ocrx_word' id='word_1_69' title='bbox 524 872 604 924; x_wconf 85' lang='lat' dir='ltr'><strong>dicit:</strong></span> <span class='ocrx_word' id='word_1_70' title='bbox 632 873 709 923; x_wconf 90' lang='lat' dir='ltr'><strong>euius</strong></span> <span class='ocrx_word' id='word_1_71' title='bbox 725 881 789 925; x_wconf 88' lang='lat' dir='ltr'><strong>sunt</strong></span> <span class='ocrx_word' id='word_1_72' title='bbox 806 882 913 925; x_wconf 83' lang='lat' dir='ltr'><strong>nrontes</strong></span> <span class='ocrx_word' id='word_1_73' title='bbox 930 874 1058 945; x_wconf 71' lang='lat' dir='ltr'><strong>Riphaei.</strong></span> <span class='ocrx_word' id='word_1_74' title='bbox 1095 876 1176 944; x_wconf 88' lang='lat' dir='ltr'><strong>[Quo-</strong></span> 
     </span>
     <span class='ocr_line' id='line_1_9' title="bbox 143 939 1176 1012; baseline -0.004 -14"><span class='ocrx_word' id='word_1_75' title='bbox 143 945 221 998; x_wconf 82' lang='lat' dir='ltr'><strong>nieui</strong></span> <span class='ocrx_word' id='word_1_76' title='bbox 237 942 334 993; x_wconf 89' lang='lat' dir='ltr'><strong>Borius</strong></span> <span class='ocrx_word' id='word_1_77' title='bbox 351 939 470 991; x_wconf 89' lang='lat' dir='ltr'><strong>circulus</strong></span> <span class='ocrx_word' id='word_1_78' title='bbox 487 948 560 990; x_wconf 88' lang='lat' dir='ltr'><strong>totus</strong></span> <span class='ocrx_word' id='word_1_79' title='bbox 581 956 664 1009; x_wconf 77' lang='lat' dir='ltr'><strong>supra</strong></span> <span class='ocrx_word' id='word_1_80' title='bbox 681 950 787 993; x_wconf 78' lang='lat' dir='ltr'><strong>terreus</strong></span> <span class='ocrx_word' id='word_1_81' title='bbox 811 951 866 1006; x_wconf 88' lang='lat' dir='ltr'><strong>est,</strong></span> <span class='ocrx_word' id='word_1_82' title='bbox 889 942 1009 1012; x_wconf 85' lang='lat' dir='ltr'><strong>ideoque</strong></span> <span class='ocrx_word' id='word_1_83' title='bbox 1033 942 1071 993; x_wconf 84' lang='lat' dir='ltr'><strong>sb</strong></span> <span class='ocrx_word' id='word_1_84' title='bbox 1095 948 1176 996; x_wconf 75' lang='lat' dir='ltr'><strong>Arato</strong></span> 
     </span>
     <span class='ocr_line' id='line_1_10' title="bbox 144 1008 1176 1087; baseline -0.002 -22"><span class='ocrx_word' id='word_1_85' title='bbox 144 1014 190 1065; x_wconf 87' lang='lat' dir='ltr'><strong>hic</strong></span> <span class='ocrx_word' id='word_1_86' title='bbox 214 1026 365 1087; x_wconf 74' lang='lat' dir='ltr'><strong>apperens,</strong></span> <span class='ocrx_word' id='word_1_87' title='bbox 387 1008 433 1060; x_wconf 87' lang='lat' dir='ltr'><strong>ille</strong></span> <span class='ocrx_word' id='word_1_88' title='bbox 456 1010 525 1060; x_wconf 89' lang='lat' dir='ltr'><strong>item</strong></span> <span class='ocrx_word' id='word_1_89' title='bbox 542 1009 672 1060; x_wconf 72' lang='lat' dir='ltr'><strong>Australis</strong></span> <span class='ocrx_word' id='word_1_90' title='bbox 689 1019 802 1063; x_wconf 82' lang='lat' dir='ltr'><strong>vocetur</strong></span> <span class='ocrx_word' id='word_1_91' title='bbox 825 1012 963 1062; x_wconf 85' lang='lat' dir='ltr'><strong>obscurus.</strong></span> <span class='ocrx_word' id='word_1_92' title='bbox 997 1010 1071 1063; x_wconf 84' lang='lat' dir='ltr'><strong>Sene</strong></span> <span class='ocrx_word' id='word_1_93' title='bbox 1095 1011 1176 1081; x_wconf 75' lang='lat' dir='ltr'><strong>aliqui</strong></span> 
     </span>
     <span class='ocr_line' id='line_1_11' title="bbox 141 1076 1175 1147; baseline -0.003 -14"><span class='ocrx_word' id='word_1_94' title='bbox 141 1080 277 1133; x_wconf 88' lang='lat' dir='ltr'><strong>mundum</strong></span> <span class='ocrx_word' id='word_1_95' title='bbox 296 1094 347 1147; x_wconf 84' lang='lat' dir='ltr'><strong>pro</strong></span> <span class='ocrx_word' id='word_1_96' title='bbox 360 1077 438 1129; x_wconf 89' lang='lat' dir='ltr'><strong>coelo</strong></span> <span class='ocrx_word' id='word_1_97' title='bbox 452 1076 590 1147; x_wconf 76' lang='lat' dir='ltr'><strong>rccipiunt</strong></span> <span class='ocrx_word' id='word_1_98' title='bbox 604 1078 657 1128; x_wconf 89' lang='lat' dir='ltr'><strong>hoc</strong></span> <span class='ocrx_word' id='word_1_99' title='bbox 671 1078 740 1142; x_wconf 89' lang='lat' dir='ltr'><strong>loco,</strong></span> <span class='ocrx_word' id='word_1_100' title='bbox 756 1080 803 1147; x_wconf 88' lang='lat' dir='ltr'><strong>qui</strong></span> <span class='ocrx_word' id='word_1_101' title='bbox 818 1080 953 1130; x_wconf 88' lang='lat' dir='ltr'><strong>mundum</strong></span> <span class='ocrx_word' id='word_1_102' title='bbox 965 1095 1072 1132; x_wconf 84' lang='lat' dir='ltr'><strong>nomen</strong></span> <span class='ocrx_word' id='word_1_103' title='bbox 1086 1081 1175 1133; x_wconf 86' lang='lat' dir='ltr'><strong>volunt</strong></span> 
     </span>
    </p>
   </div>
   <div class='ocr_carea' id='block_1_3' title="bbox 47 1132 1176 1217">
    <p class='ocr_par' dir='ltr' id='par_1_3' title="bbox 47 1132 1176 1217">
     <span class='ocr_line' id='line_1_12' title="bbox 47 1132 1176 1217; baseline -0.003 -13"><span class='ocrx_word' id='word_1_104' title='bbox 47 1166 54 1183; x_wconf 84' lang='lat'><strong>&#39;-</strong></span> <span class='ocrx_word' id='word_1_105' title='bbox 141 1166 201 1204; x_wconf 84' lang='lat' dir='ltr'><strong>esse</strong></span> <span class='ocrx_word' id='word_1_106' title='bbox 224 1153 366 1201; x_wconf 74' lang='lat' dir='ltr'><strong>universae</strong></span> <span class='ocrx_word' id='word_1_107' title='bbox 389 1154 513 1199; x_wconf 76' lang='lat' dir='ltr'><strong>neturee.</strong></span> <span class='ocrx_word' id='word_1_108' title='bbox 531 1174 565 1183; x_wconf 95' lang='lat'>-</span> <span class='ocrx_word' id='word_1_109' title='bbox 606 1151 668 1202; x_wconf 75' lang='lat'><strong>241.</strong></span> <span class='ocrx_word' id='word_1_110' title='bbox 689 1132 841 1217; x_wconf 66' lang='lat' dir='ltr'><strong>Consurgit</strong></span> <span class='ocrx_word' id='word_1_111' title='bbox 857 1151 1007 1215; x_wconf 71' lang='lat' dir='ltr'><strong>premitur,</strong></span> <span class='ocrx_word' id='word_1_112' title='bbox 1030 1148 1110 1201; x_wconf 90' lang='lat' dir='ltr'><strong>deest</strong></span> <span class='ocrx_word' id='word_1_113' title='bbox 1129 1149 1176 1213; x_wconf 80' lang='lat' dir='ltr'><strong>ite,</strong></span> 
     </span>
    </p>
   </div>
   <div class='ocr_carea' id='block_1_4' title="bbox 136 1215 1175 2107">
    <p class='ocr_par' dir='ltr' id='par_1_4' title="bbox 136 1215 1175 2107">
     <span class='ocr_line' id='line_1_13' title="bbox 141 1215 1175 1284; baseline -0.001 -14"><span class='ocrx_word' id='word_1_114' title='bbox 141 1228 173 1270; x_wconf 87' lang='lat' dir='ltr'><strong>nt</strong></span> <span class='ocrx_word' id='word_1_115' title='bbox 189 1219 224 1269; x_wconf 90' lang='lat' dir='ltr'><strong>sit</strong></span> <span class='ocrx_word' id='word_1_116' title='bbox 241 1218 276 1268; x_wconf 81' lang='lat' dir='ltr'><strong>sd</strong></span> <span class='ocrx_word' id='word_1_117' title='bbox 292 1215 430 1283; x_wconf 70' lang='lat' dir='ltr'><strong>Scythiam</strong></span> <span class='ocrx_word' id='word_1_118' title='bbox 447 1215 599 1281; x_wconf 77' lang='lat' dir='ltr'><strong>consurgit,</strong></span> <span class='ocrx_word' id='word_1_119' title='bbox 615 1215 654 1265; x_wconf 82' lang='lat' dir='ltr'><strong>its</strong></span> <span class='ocrx_word' id='word_1_120' title='bbox 671 1218 807 1284; x_wconf 79' lang='lat' dir='ltr'><strong>premitur</strong></span> <span class='ocrx_word' id='word_1_121' title='bbox 823 1218 854 1268; x_wconf 90' lang='lat' dir='ltr'><strong>in</strong></span> <span class='ocrx_word' id='word_1_122' title='bbox 869 1220 989 1281; x_wconf 78' lang='lat' dir='ltr'><strong>Austros,</strong></span> <span class='ocrx_word' id='word_1_123' title='bbox 1005 1220 1019 1247; x_wconf 78' lang='lat'>⁸</span> <span class='ocrx_word' id='word_1_124' title='bbox 1038 1216 1175 1269; x_wconf 84' lang='lat' dir='ltr'><strong>Premirer</strong></span> 
     </span>
     <span class='ocr_line' id='line_1_14' title="bbox 141 1282 1173 1353; baseline 0 -16"><span class='ocrx_word' id='word_1_125' title='bbox 141 1295 240 1338; x_wconf 75' lang='lat' dir='ltr'><strong>contra</strong></span> <span class='ocrx_word' id='word_1_126' title='bbox 255 1287 369 1337; x_wconf 82' lang='lat' dir='ltr'><strong>devexus</strong></span> <span class='ocrx_word' id='word_1_127' title='bbox 386 1283 415 1334; x_wconf 92' lang='lat' dir='ltr'><strong>iu</strong></span> <span class='ocrx_word' id='word_1_128' title='bbox 432 1282 526 1343; x_wconf 82' lang='lat' dir='ltr'><strong>ludos,</strong></span> <span class='ocrx_word' id='word_1_129' title='bbox 544 1291 574 1332; x_wconf 90' lang='lat' dir='ltr'><strong>ut</strong></span> <span class='ocrx_word' id='word_1_130' title='bbox 595 1284 688 1335; x_wconf 73' lang='lat' dir='ltr'><strong>leserat</strong></span> <span class='ocrx_word' id='word_1_131' title='bbox 705 1300 788 1353; x_wconf 89' lang='lat' dir='ltr'><strong>suprs</strong></span> <span class='ocrx_word' id='word_1_132' title='bbox 805 1286 891 1337; x_wconf 77' lang='lat' dir='ltr'><strong>Alsos.</strong></span> <span class='ocrx_word' id='word_1_133' title='bbox 927 1283 1038 1352; x_wconf 73' lang='lat' dir='ltr'><strong>Libyae</strong></span> <span class='ocrx_word' id='word_1_134' title='bbox 1056 1288 1173 1338; x_wconf 83' lang='lat' dir='ltr'><strong>deesses</strong></span> 
     </span>
     <span class='ocr_line' id='line_1_15' title="bbox 142 1351 1174 1419; baseline -0.002 -13"><span class='ocrx_word' id='word_1_135' title='bbox 142 1355 324 1415; x_wconf 68' lang='lat' dir='ltr'><strong>industres,</strong></span> <span class='ocrx_word' id='word_1_136' title='bbox 349 1351 481 1419; x_wconf 83' lang='lat' dir='ltr'><strong>quoniam</strong></span> <span class='ocrx_word' id='word_1_137' title='bbox 498 1351 595 1403; x_wconf 84' lang='lat' dir='ltr'><strong>Notius</strong></span> <span class='ocrx_word' id='word_1_138' title='bbox 617 1351 735 1403; x_wconf 88' lang='lat' dir='ltr'><strong>circulus</strong></span> <span class='ocrx_word' id='word_1_139' title='bbox 759 1361 832 1405; x_wconf 87' lang='lat' dir='ltr'><strong>totus</strong></span> <span class='ocrx_word' id='word_1_140' title='bbox 854 1354 928 1406; x_wconf 78' lang='lat' dir='ltr'><strong>inire</strong></span> <span class='ocrx_word' id='word_1_141' title='bbox 955 1358 1063 1405; x_wconf 84' lang='lat' dir='ltr'><strong>terroris</strong></span> <span class='ocrx_word' id='word_1_142' title='bbox 1087 1364 1128 1407; x_wconf 90' lang='lat' dir='ltr'><strong>est</strong></span> <span class='ocrx_word' id='word_1_143' title='bbox 1147 1362 1174 1407; x_wconf 87' lang='lat' dir='ltr'><strong>et</strong></span> 
     </span>
     <span class='ocr_line' id='line_1_16' title="bbox 140 1419 1171 1493; baseline 0.001 -19"><span class='ocrx_word' id='word_1_144' title='bbox 140 1424 293 1493; x_wconf 86' lang='lat' dir='ltr'><strong>premitur,</strong></span> <span class='ocrx_word' id='word_1_145' title='bbox 315 1419 392 1489; x_wconf 78' lang='lat' dir='ltr'><strong>quasi</strong></span> <span class='ocrx_word' id='word_1_146' title='bbox 409 1419 580 1488; x_wconf 83' lang='lat' dir='ltr'><strong>deprimitur.</strong></span> <span class='ocrx_word' id='word_1_147' title='bbox 617 1422 745 1485; x_wconf 69' lang='lat' dir='ltr'><strong>Arduus,</strong></span> <span class='ocrx_word' id='word_1_148' title='bbox 770 1422 904 1487; x_wconf 81' lang='lat' dir='ltr'><strong>excelsus,</strong></span> <span class='ocrx_word' id='word_1_149' title='bbox 929 1430 959 1474; x_wconf 89' lang='lat' dir='ltr'><strong>et</strong></span> <span class='ocrx_word' id='word_1_150' title='bbox 981 1438 1095 1475; x_wconf 86' lang='lat' dir='ltr'><strong>summo</strong></span> <span class='ocrx_word' id='word_1_151' title='bbox 1117 1440 1171 1475; x_wconf 78' lang='lat' dir='ltr'><strong>rer·</strong></span> 
     </span>
     <span class='ocr_line' id='line_1_17' title="bbox 139 1486 1169 1556; baseline 0.001 -14"><span class='ocrx_word' id='word_1_152' title='bbox 139 1493 194 1543; x_wconf 88' lang='lat' dir='ltr'><strong>tice</strong></span> <span class='ocrx_word' id='word_1_153' title='bbox 219 1488 359 1553; x_wconf 74' lang='lat' dir='ltr'><strong>arctatus]</strong></span> <span class='ocrx_word' id='word_1_154' title='bbox 376 1514 409 1524; x_wconf 88' lang='lat'><em>-</em></span> <span class='ocrx_word' id='word_1_155' title='bbox 443 1486 690 1546; x_wconf 61' lang='lat' dir='ltr'><strong>stetinenses</strong></span> <span class='ocrx_word' id='word_1_156' title='bbox 710 1491 792 1541; x_wconf 85' lang='lat' dir='ltr'><strong>nobis</strong></span> <span class='ocrx_word' id='word_1_157' title='bbox 810 1509 916 1556; x_wconf 84' lang='lat' dir='ltr'><strong>sernper</strong></span> <span class='ocrx_word' id='word_1_158' title='bbox 941 1491 1093 1556; x_wconf 63' lang='lat' dir='ltr'><strong>sublimis,</strong></span> <span class='ocrx_word' id='word_1_159' title='bbox 1113 1492 1131 1543; x_wconf 89' lang='lat' dir='ltr'><strong>i.</strong></span> <span class='ocrx_word' id='word_1_160' title='bbox 1146 1510 1169 1543; x_wconf 89' lang='lat' dir='ltr'><strong>e.</strong></span> 
     </span>
     <span class='ocr_line' id='line_1_18' title="bbox 139 1556 1167 1629; baseline -0.001 -17"><span class='ocrx_word' id='word_1_161' title='bbox 139 1561 210 1612; x_wconf 81' lang='lat' dir='ltr'><strong>hoec</strong></span> <span class='ocrx_word' id='word_1_162' title='bbox 226 1576 289 1629; x_wconf 81' lang='lat' dir='ltr'><strong>pars</strong></span> <span class='ocrx_word' id='word_1_163' title='bbox 306 1557 402 1609; x_wconf 83' lang='lat' dir='ltr'><strong>mrurdi</strong></span> <span class='ocrx_word' id='word_1_164' title='bbox 420 1571 437 1604; x_wconf 83' lang='lat' dir='ltr'><strong>a</strong></span> <span class='ocrx_word' id='word_1_165' title='bbox 453 1556 533 1609; x_wconf 88' lang='lat' dir='ltr'><strong>nobis</strong></span> <span class='ocrx_word' id='word_1_166' title='bbox 549 1573 659 1627; x_wconf 85' lang='lat' dir='ltr'><strong>semper</strong></span> <span class='ocrx_word' id='word_1_167' title='bbox 675 1560 796 1624; x_wconf 85' lang='lat' dir='ltr'><strong>videtur,</strong></span> <span class='ocrx_word' id='word_1_168' title='bbox 812 1560 877 1627; x_wconf 85' lang='lat' dir='ltr'><strong>[hoc</strong></span> <span class='ocrx_word' id='word_1_169' title='bbox 894 1568 935 1611; x_wconf 89' lang='lat' dir='ltr'><strong>est</strong></span> <span class='ocrx_word' id='word_1_170' title='bbox 951 1556 1087 1629; x_wconf 64' lang='lat' dir='ltr'><strong>Scythice,</strong></span> <span class='ocrx_word' id='word_1_171' title='bbox 1101 1575 1167 1629; x_wconf 80' lang='lat' dir='ltr'><strong>quse</strong></span> 
     </span>
     <span class='ocr_line' id='line_1_19' title="bbox 139 1623 1168 1698; baseline -0.003 -18"><span class='ocrx_word' id='word_1_172' title='bbox 139 1627 324 1698; x_wconf 76' lang='lat' dir='ltr'><strong>septentrioni</strong></span> <span class='ocrx_word' id='word_1_173' title='bbox 347 1623 488 1688; x_wconf 77' lang='lat' dir='ltr'><strong>subiacet]</strong></span> <span class='ocrx_word' id='word_1_174' title='bbox 504 1651 540 1662; x_wconf 90' lang='lat'>—</span> <span class='ocrx_word' id='word_1_175' title='bbox 574 1632 635 1683; x_wconf 75' lang='lat'><strong>243.</strong></span> <span class='ocrx_word' id='word_1_176' title='bbox 653 1627 686 1676; x_wconf 79' lang='lat' dir='ltr'><strong>At</strong></span> <span class='ocrx_word' id='word_1_177' title='bbox 704 1628 786 1679; x_wconf 86' lang='lat' dir='ltr'><strong>illum</strong></span> <span class='ocrx_word' id='word_1_178' title='bbox 812 1630 863 1679; x_wconf 83' lang='lat' dir='ltr'><strong>sub</strong></span> <span class='ocrx_word' id='word_1_179' title='bbox 881 1629 1001 1695; x_wconf 77' lang='lat' dir='ltr'><strong>pedibus</strong></span> <span class='ocrx_word' id='word_1_180' title='bbox 1017 1628 1087 1696; x_wconf 77' lang='lat' dir='ltr'><strong>Stys</strong></span> <span class='ocrx_word' id='word_1_181' title='bbox 1110 1640 1168 1679; x_wconf 85' lang='lat' dir='ltr'><strong>stra</strong></span> 
     </span>
     <span class='ocr_line' id='line_1_20' title="bbox 140 1692 1169 1766; baseline -0.001 -18"><span class='ocrx_word' id='word_1_182' title='bbox 140 1699 230 1762; x_wconf 78' lang='lat' dir='ltr'><strong>vides,-</strong></span> <span class='ocrx_word' id='word_1_183' title='bbox 247 1696 266 1747; x_wconf 93' lang='lat' dir='ltr'><strong>i.</strong></span> <span class='ocrx_word' id='word_1_184' title='bbox 283 1712 322 1760; x_wconf 93' lang='lat' dir='ltr'><strong>e.,</strong></span> <span class='ocrx_word' id='word_1_185' title='bbox 340 1710 418 1745; x_wconf 82' lang='lat' dir='ltr'><strong>exem</strong></span> <span class='ocrx_word' id='word_1_186' title='bbox 435 1693 547 1758; x_wconf 77' lang='lat' dir='ltr'><strong>norton,</strong></span> <span class='ocrx_word' id='word_1_187' title='bbox 563 1692 583 1745; x_wconf 92' lang='lat' dir='ltr'><strong>i.</strong></span> <span class='ocrx_word' id='word_1_188' title='bbox 596 1712 636 1758; x_wconf 91' lang='lat' dir='ltr'><strong>e.,</strong></span> <span class='ocrx_word' id='word_1_189' title='bbox 653 1696 818 1761; x_wconf 77' lang='lat' dir='ltr'><strong>austrelern,</strong></span> <span class='ocrx_word' id='word_1_190' title='bbox 835 1698 882 1765; x_wconf 88' lang='lat' dir='ltr'><strong>qui</strong></span> <span class='ocrx_word' id='word_1_191' title='bbox 899 1716 915 1749; x_wconf 84' lang='lat' dir='ltr'><strong>s</strong></span> <span class='ocrx_word' id='word_1_192' title='bbox 933 1694 1015 1749; x_wconf 86' lang='lat' dir='ltr'><strong>nobis</strong></span> <span class='ocrx_word' id='word_1_193' title='bbox 1031 1712 1169 1766; x_wconf 69' lang='lat' dir='ltr'><strong>nunquam</strong></span> 
     </span>
     <span class='ocr_line' id='line_1_21' title="bbox 139 1760 1169 1836; baseline 0 -20"><span class='ocrx_word' id='word_1_194' title='bbox 139 1766 261 1818; x_wconf 83' lang='lat' dir='ltr'><strong>videtur:</strong></span> <span class='ocrx_word' id='word_1_195' title='bbox 279 1765 349 1815; x_wconf 75' lang='lat' dir='ltr'><strong>sicin</strong></span> <span class='ocrx_word' id='word_1_196' title='bbox 363 1764 484 1825; x_wconf 86' lang='lat' dir='ltr'><strong>Boreus,</strong></span> <span class='ocrx_word' id='word_1_197' title='bbox 500 1763 518 1812; x_wconf 90' lang='lat' dir='ltr'><strong>i.</strong></span> <span class='ocrx_word' id='word_1_198' title='bbox 533 1779 556 1813; x_wconf 94' lang='lat' dir='ltr'><strong>e.</strong></span> <span class='ocrx_word' id='word_1_199' title='bbox 570 1760 806 1832; x_wconf 75' lang='lat' dir='ltr'><strong>septemtrionalis</strong></span> <span class='ocrx_word' id='word_1_200' title='bbox 823 1768 850 1834; x_wconf 84' lang='lat' dir='ltr'><strong>[e</strong></span> <span class='ocrx_word' id='word_1_201' title='bbox 867 1764 959 1830; x_wconf 90' lang='lat' dir='ltr'><strong>nobis]</strong></span> <span class='ocrx_word' id='word_1_202' title='bbox 975 1782 1089 1836; x_wconf 85' lang='lat' dir='ltr'><strong>semper</strong></span> <span class='ocrx_word' id='word_1_203' title='bbox 1104 1766 1169 1817; x_wconf 79' lang='lat' dir='ltr'><strong>vide·</strong></span> 
     </span>
     <span class='ocr_line' id='line_1_22' title="bbox 138 1829 1168 1901; baseline 0 -16"><span class='ocrx_word' id='word_1_204' title='bbox 138 1842 193 1885; x_wconf 88' lang='lat' dir='ltr'><strong>tur.</strong></span> <span class='ocrx_word' id='word_1_205' title='bbox 229 1834 265 1885; x_wconf 87' lang='lat' dir='ltr'><strong>Et</strong></span> <span class='ocrx_word' id='word_1_206' title='bbox 286 1833 356 1884; x_wconf 90' lang='lat' dir='ltr'><strong>sicut</strong></span> <span class='ocrx_word' id='word_1_207' title='bbox 379 1833 470 1883; x_wconf 74' lang='lat' dir='ltr'><strong>tense</strong></span> <span class='ocrx_word' id='word_1_208' title='bbox 493 1829 721 1900; x_wconf 87' lang='lat' dir='ltr'><strong>philosophorum</strong></span> <span class='ocrx_word' id='word_1_209' title='bbox 745 1835 888 1901; x_wconf 77' lang='lat' dir='ltr'><strong>opiniones</strong></span> <span class='ocrx_word' id='word_1_210' title='bbox 915 1842 992 1885; x_wconf 89' lang='lat' dir='ltr'><strong>sunt:</strong></span> <span class='ocrx_word' id='word_1_211' title='bbox 1016 1834 1058 1887; x_wconf 77' lang='lat' dir='ltr'><strong>its</strong></span> <span class='ocrx_word' id='word_1_212' title='bbox 1080 1842 1108 1885; x_wconf 86' lang='lat' dir='ltr'><strong>et</strong></span> <span class='ocrx_word' id='word_1_213' title='bbox 1128 1834 1168 1885; x_wconf 88' lang='lat' dir='ltr'><strong>hic</strong></span> 
     </span>
     <span class='ocr_line' id='line_1_23' title="bbox 138 1899 1167 1970; baseline 0 -17"><span class='ocrx_word' id='word_1_214' title='bbox 138 1903 214 1955; x_wconf 79' lang='lat' dir='ltr'><strong>varie</strong></span> <span class='ocrx_word' id='word_1_215' title='bbox 234 1901 365 1970; x_wconf 87' lang='lat' dir='ltr'><strong>loquitur.</strong></span> <span class='ocrx_word' id='word_1_216' title='bbox 399 1901 473 1952; x_wconf 80' lang='lat' dir='ltr'><strong>Nem</strong></span> <span class='ocrx_word' id='word_1_217' title='bbox 497 1899 545 1951; x_wconf 79' lang='lat' dir='ltr'><strong>alii</strong></span> <span class='ocrx_word' id='word_1_218' title='bbox 560 1900 655 1951; x_wconf 90' lang='lat' dir='ltr'><strong>dicunt</strong></span> <span class='ocrx_word' id='word_1_219' title='bbox 678 1918 695 1953; x_wconf 85' lang='lat' dir='ltr'><strong>s</strong></span> <span class='ocrx_word' id='word_1_220' title='bbox 719 1904 798 1954; x_wconf 91' lang='lat' dir='ltr'><strong>nobis</strong></span> <span class='ocrx_word' id='word_1_221' title='bbox 816 1902 1011 1955; x_wconf 80' lang='lat' dir='ltr'><strong>abscedentem</strong></span> <span class='ocrx_word' id='word_1_222' title='bbox 1026 1902 1118 1955; x_wconf 83' lang='lat' dir='ltr'><strong>solem</strong></span> <span class='ocrx_word' id='word_1_223' title='bbox 1131 1903 1167 1953; x_wconf 85' lang='lat' dir='ltr'><strong>ire</strong></span> 
     </span>
     <span class='ocr_line' id='line_1_24' title="bbox 138 1970 1167 2042; baseline 0.002 -21"><span class='ocrx_word' id='word_1_224' title='bbox 138 1973 175 2022; x_wconf 85' lang='lat' dir='ltr'><strong>nd</strong></span> <span class='ocrx_word' id='word_1_225' title='bbox 192 1971 353 2041; x_wconf 82' lang='lat' dir='ltr'><strong>Antipodss,</strong></span> <span class='ocrx_word' id='word_1_226' title='bbox 371 1970 417 2022; x_wconf 80' lang='lat' dir='ltr'><strong>elii</strong></span> <span class='ocrx_word' id='word_1_227' title='bbox 434 1976 552 2035; x_wconf 78' lang='lat' dir='ltr'><strong>negant,</strong></span> <span class='ocrx_word' id='word_1_228' title='bbox 569 1975 596 2019; x_wconf 90' lang='lat' dir='ltr'><strong>et</strong></span> <span class='ocrx_word' id='word_1_229' title='bbox 613 1970 706 2021; x_wconf 77' lang='lat' dir='ltr'><strong>solturt</strong></span> <span class='ocrx_word' id='word_1_230' title='bbox 722 1971 777 2023; x_wconf 87' lang='lat' dir='ltr'><strong>illic</strong></span> <span class='ocrx_word' id='word_1_231' title='bbox 793 1971 922 2023; x_wconf 76' lang='lat' dir='ltr'><strong>tenebret</strong></span> <span class='ocrx_word' id='word_1_232' title='bbox 939 1988 998 2023; x_wconf 87' lang='lat' dir='ltr'><strong>esse</strong></span> <span class='ocrx_word' id='word_1_233' title='bbox 1014 1983 1167 2042; x_wconf 82' lang='lat' dir='ltr'><strong>perpetues.</strong></span> 
     </span>
     <span class='ocr_line' id='line_1_25' title="bbox 136 2036 1165 2107; baseline 0.001 -16"><span class='ocrx_word' id='word_1_234' title='bbox 136 2040 211 2092; x_wconf 89' lang='lat' dir='ltr'><strong>Mire</strong></span> <span class='ocrx_word' id='word_1_235' title='bbox 227 2049 323 2091; x_wconf 77' lang='lat' dir='ltr'><strong>autem</strong></span> <span class='ocrx_word' id='word_1_236' title='bbox 340 2040 379 2090; x_wconf 84' lang='lat' dir='ltr'><strong>nit</strong></span> <span class='ocrx_word' id='word_1_237' title='bbox 396 2038 478 2107; x_wconf 80' lang='lat' dir='ltr'><strong>[Styx]</strong></span> <span class='ocrx_word' id='word_1_238' title='bbox 495 2036 572 2106; x_wconf 82' lang='lat' dir='ltr'><strong>qussi</strong></span> <span class='ocrx_word' id='word_1_239' title='bbox 589 2036 624 2087; x_wconf 90' lang='lat' dir='ltr'><strong>de</strong></span> <span class='ocrx_word' id='word_1_240' title='bbox 640 2037 750 2090; x_wconf 82' lang='lat' dir='ltr'><strong>inferis:</strong></span> <span class='ocrx_word' id='word_1_241' title='bbox 774 2040 841 2106; x_wconf 76' lang='lat' dir='ltr'><strong>Styx</strong></span> <span class='ocrx_word' id='word_1_242' title='bbox 861 2052 923 2089; x_wconf 84' lang='lat' dir='ltr'><strong>atra</strong></span> <span class='ocrx_word' id='word_1_243' title='bbox 942 2041 1033 2090; x_wconf 79' lang='lat' dir='ltr'><strong>videt:</strong></span> <span class='ocrx_word' id='word_1_244' title='bbox 1063 2056 1165 2091; x_wconf 76' lang='lat' dir='ltr'><strong>inanes-</strong></span> 
     </span>
    </p>
   </div>
   <div class='ocr_carea' id='block_1_5' title="bbox 137 2105 1211 2229">
    <p class='ocr_par' dir='ltr' id='par_1_5' title="bbox 137 2105 1211 2229">
     <span class='ocr_line' id='line_1_26' title="bbox 137 2105 1211 2229; baseline -0.002 -69"><span class='ocrx_word' id='word_1_245' title='bbox 137 2126 191 2177; x_wconf 82' lang='lat' dir='ltr'><strong>que</strong></span> <span class='ocrx_word' id='word_1_246' title='bbox 207 2109 361 2229; x_wconf 35' lang='lat' dir='ltr'><strong>profitendi,</strong></span> <span class='ocrx_word' id='word_1_247' title='bbox 384 2117 414 2158; x_wconf 89' lang='lat' dir='ltr'><strong>ut</strong></span> <span class='ocrx_word' id='word_1_248' title='bbox 431 2107 590 2157; x_wconf 79' lang='lat' dir='ltr'><strong>ostenderet</strong></span> <span class='ocrx_word' id='word_1_249' title='bbox 611 2105 677 2157; x_wconf 91' lang='lat' dir='ltr'><strong>illud</strong></span> <span class='ocrx_word' id='word_1_250' title='bbox 694 2109 768 2177; x_wconf 82' lang='lat' dir='ltr'><strong>quod</strong></span> <span class='ocrx_word' id='word_1_251' title='bbox 784 2109 880 2159; x_wconf 87' lang='lat' dir='ltr'><strong>dicunt</strong></span> <span class='ocrx_word' id='word_1_252' title='bbox 897 2107 1075 2176; x_wconf 79' lang='lat' dir='ltr'><strong>Philosophi,</strong></span> <span class='ocrx_word' id='word_1_253' title='bbox 1096 2124 1165 2163; x_wconf 88' lang='lat' dir='ltr'><strong>reee-</strong></span> <span class='ocrx_word' id='word_1_254' title='bbox 1209 2134 1211 2145; x_wconf 90' lang='lat'>·</span> 
     </span>
    </p>
   </div>
   <div class='ocr_carea' id='block_1_6' title="bbox 136 2164 1165 2315">
    <p class='ocr_par' dir='ltr' id='par_1_6' title="bbox 136 2164 1165 2315">
     <span class='ocr_line' id='line_1_27' title="bbox 137 2164 1165 2247; baseline -0.003 -16"><span class='ocrx_word' id='word_1_255' title='bbox 137 2180 233 2231; x_wconf 84' lang='lat' dir='ltr'><strong>dentes</strong></span> <span class='ocrx_word' id='word_1_256' title='bbox 273 2179 316 2228; x_wconf 88' lang='lat' dir='ltr'><strong>&#39;nc</strong></span> <span class='ocrx_word' id='word_1_257' title='bbox 339 2176 447 2228; x_wconf 80' lang='lat' dir='ltr'><strong>arrimss</strong></span> <span class='ocrx_word' id='word_1_258' title='bbox 462 2173 514 2242; x_wconf 92' lang='lat' dir='ltr'><strong>[et]</strong></span> <span class='ocrx_word' id='word_1_259' title='bbox 530 2173 586 2225; x_wconf 87' lang='lat' dir='ltr'><strong>illie</strong></span> <span class='ocrx_word' id='word_1_260' title='bbox 603 2164 657 2227; x_wconf 74' lang='lat' dir='ltr'><strong>nlis&#39;</strong></span> <span class='ocrx_word' id='word_1_261' title='bbox 674 2192 790 2247; x_wconf 81' lang='lat' dir='ltr'><strong>corpore</strong></span> <span class='ocrx_word' id='word_1_262' title='bbox 807 2178 908 2227; x_wconf 88' lang='lat' dir='ltr'><strong>sortiri.</strong></span> <span class='ocrx_word' id='word_1_263' title='bbox 943 2174 1021 2229; x_wconf 82' lang='lat' dir='ltr'><strong>Unde</strong></span> <span class='ocrx_word' id='word_1_264' title='bbox 1039 2187 1070 2231; x_wconf 88' lang='lat' dir='ltr'><strong>et</strong></span> <span class='ocrx_word' id='word_1_265' title='bbox 1085 2176 1165 2228; x_wconf 74' lang='lat' dir='ltr'><strong>Lues-</strong></span> 
     </span>
     <span class='ocr_line' id='line_1_28' title="bbox 136 2242 1165 2315; baseline -0.003 -17"><span class='ocrx_word' id='word_1_266' title='bbox 136 2262 188 2298; x_wconf 86' lang='lat' dir='ltr'><strong>rrus</strong></span> <span class='ocrx_word' id='word_1_267' title='bbox 210 2247 249 2297; x_wconf 77' lang='lat' dir='ltr'><strong>ait</strong></span> <span class='ocrx_word' id='word_1_268' title='bbox 273 2250 316 2312; x_wconf 83' lang='lat'><strong>(1,</strong></span> <span class='ocrx_word' id='word_1_269' title='bbox 333 2245 419 2304; x_wconf 76' lang='grc'>456.);</span> <span class='ocrx_word' id='word_1_270' title='bbox 443 2242 527 2310; x_wconf 76' lang='lat' dir='ltr'><strong>Regis</strong></span> <span class='ocrx_word' id='word_1_271' title='bbox 551 2243 624 2293; x_wconf 80' lang='lat' dir='ltr'><strong>idem</strong></span> <span class='ocrx_word' id='word_1_272' title='bbox 649 2246 768 2309; x_wconf 81' lang='lat' dir='ltr'><strong>spiritns</strong></span> <span class='ocrx_word' id='word_1_273' title='bbox 796 2259 876 2296; x_wconf 82' lang='lat' dir='ltr'><strong>ortus</strong></span> <span class='ocrx_word' id='word_1_274' title='bbox 896 2246 970 2297; x_wconf 83' lang='lat' dir='ltr'><strong>Orbe</strong></span> <span class='ocrx_word' id='word_1_275' title='bbox 987 2245 1058 2297; x_wconf 78' lang='lat' dir='ltr'><strong>alio.</strong></span> <span class='ocrx_word' id='word_1_276' title='bbox 1092 2242 1165 2315; x_wconf 82' lang='lat' dir='ltr'><strong>Quod</strong></span> 
     </span>
    </p>
   </div>
   <div class='ocr_carea' id='block_1_7' title="bbox 136 2309 1211 2382">
    <p class='ocr_par' dir='ltr' id='par_1_7' title="bbox 136 2309 1211 2382">
     <span class='ocr_line' id='line_1_29' title="bbox 136 2309 1211 2382; baseline -0.001 -18"><span class='ocrx_word' id='word_1_277' title='bbox 136 2314 284 2366; x_wconf 80' lang='lat' dir='ltr'><strong>verisimile</strong></span> <span class='ocrx_word' id='word_1_278' title='bbox 310 2321 364 2378; x_wconf 89' lang='lat' dir='ltr'><strong>est,</strong></span> <span class='ocrx_word' id='word_1_279' title='bbox 386 2313 450 2381; x_wconf 79' lang='lat' dir='ltr'><strong>quin</strong></span> <span class='ocrx_word' id='word_1_280' title='bbox 467 2313 596 2362; x_wconf 89' lang='lat' dir='ltr'><strong>dicuutur</strong></span> <span class='ocrx_word' id='word_1_281' title='bbox 619 2313 743 2378; x_wconf 77' lang='lat' dir='ltr'><strong>onisirae,</strong></span> <span class='ocrx_word' id='word_1_282' title='bbox 765 2309 818 2366; x_wconf 83' lang='lat' dir='ltr'><strong>nut</strong></span> <span class='ocrx_word' id='word_1_283' title='bbox 836 2314 910 2382; x_wconf 81' lang='lat' dir='ltr'><strong>igni,</strong></span> <span class='ocrx_word' id='word_1_284' title='bbox 933 2320 981 2365; x_wconf 80' lang='lat' dir='ltr'><strong>aut</strong></span> <span class='ocrx_word' id='word_1_285' title='bbox 1003 2320 1102 2379; x_wconf 84' lang='lat' dir='ltr'><strong>vento,</strong></span> <span class='ocrx_word' id='word_1_286' title='bbox 1123 2318 1165 2363; x_wconf 83' lang='lat' dir='ltr'><strong>eut</strong></span> <span class='ocrx_word' id='word_1_287' title='bbox 1209 2340 1211 2351; x_wconf 90' lang='lat'>·</span> 
     </span>
    </p>
   </div>
   <div class='ocr_carea' id='block_1_8' title="bbox 131 2379 1164 3068">
    <p class='ocr_par' dir='ltr' id='par_1_8' title="bbox 131 2379 1164 3068">
     <span class='ocr_line' id='line_1_30' title="bbox 135 2379 1164 2452; baseline -0.003 -18"><span class='ocrx_word' id='word_1_288' title='bbox 135 2399 209 2450; x_wconf 78' lang='lat' dir='ltr'><strong>eque</strong></span> <span class='ocrx_word' id='word_1_289' title='bbox 232 2381 359 2452; x_wconf 76' lang='lat' dir='ltr'><strong>purgari:</strong></span> <span class='ocrx_word' id='word_1_290' title='bbox 381 2379 455 2449; x_wconf 87' lang='lat' dir='ltr'><strong>quod</strong></span> <span class='ocrx_word' id='word_1_291' title='bbox 479 2388 510 2430; x_wconf 91' lang='lat' dir='ltr'><strong>ut</strong></span> <span class='ocrx_word' id='word_1_292' title='bbox 538 2380 587 2431; x_wconf 82' lang='lat' dir='ltr'><strong>fist</strong></span> <span class='ocrx_word' id='word_1_293' title='bbox 609 2382 721 2434; x_wconf 79' lang='lat' dir='ltr'><strong>neeesse</strong></span> <span class='ocrx_word' id='word_1_294' title='bbox 745 2392 801 2446; x_wconf 88' lang='lat' dir='ltr'><strong>est,</strong></span> <span class='ocrx_word' id='word_1_295' title='bbox 824 2384 891 2434; x_wconf 86' lang='lat' dir='ltr'><strong>dum</strong></span> <span class='ocrx_word' id='word_1_296' title='bbox 915 2392 963 2435; x_wconf 80' lang='lat' dir='ltr'><strong>eut</strong></span> <span class='ocrx_word' id='word_1_297' title='bbox 986 2398 1038 2449; x_wconf 85' lang='lat' dir='ltr'><strong>per</strong></span> <span class='ocrx_word' id='word_1_298' title='bbox 1055 2382 1164 2451; x_wconf 76' lang='lat' dir='ltr'><strong>frigidas</strong></span> 
     </span>
     <span class='ocr_line' id='line_1_31' title="bbox 135 2449 1164 2522; baseline -0.001 -21"><span class='ocrx_word' id='word_1_299' title='bbox 135 2452 237 2522; x_wconf 80' lang='lat' dir='ltr'><strong>plagas,</strong></span> <span class='ocrx_word' id='word_1_300' title='bbox 254 2459 302 2500; x_wconf 80' lang='lat' dir='ltr'><strong>ent</strong></span> <span class='ocrx_word' id='word_1_301' title='bbox 317 2451 428 2516; x_wconf 77' lang='lat' dir='ltr'><strong>igneam</strong></span> <span class='ocrx_word' id='word_1_302' title='bbox 446 2455 596 2500; x_wconf 75' lang='lat' dir='ltr'><strong>transeunt.</strong></span> <span class='ocrx_word' id='word_1_303' title='bbox 629 2449 666 2500; x_wconf 83' lang='lat' dir='ltr'><strong>Et</strong></span> <span class='ocrx_word' id='word_1_304' title='bbox 682 2450 747 2503; x_wconf 90' lang='lat' dir='ltr'><strong>licet</strong></span> <span class='ocrx_word' id='word_1_305' title='bbox 762 2452 809 2505; x_wconf 79' lang='lat' dir='ltr'><strong>nlii</strong></span> <span class='ocrx_word' id='word_1_306' title='bbox 826 2453 880 2503; x_wconf 91' lang='lat' dir='ltr'><strong>hoc</strong></span> <span class='ocrx_word' id='word_1_307' title='bbox 897 2470 914 2504; x_wconf 81' lang='lat' dir='ltr'><strong>e</strong></span> <span class='ocrx_word' id='word_1_308' title='bbox 931 2450 1047 2519; x_wconf 76' lang='lat' dir='ltr'><strong>Virgilio</strong></span> <span class='ocrx_word' id='word_1_309' title='bbox 1065 2451 1164 2502; x_wconf 89' lang='lat' dir='ltr'><strong>dictum</strong></span> 
     </span>
     <span class='ocr_line' id='line_1_32' title="bbox 135 2517 1164 2590; baseline 0 -21"><span class='ocrx_word' id='word_1_310' title='bbox 135 2537 185 2590; x_wconf 90' lang='lat' dir='ltr'><strong>per</strong></span> <span class='ocrx_word' id='word_1_311' title='bbox 202 2519 339 2588; x_wconf 69' lang='lat' dir='ltr'><strong>poetieam</strong></span> <span class='ocrx_word' id='word_1_312' title='bbox 355 2517 496 2569; x_wconf 76' lang='lat' dir='ltr'><strong>licentiam</strong></span> <span class='ocrx_word' id='word_1_313' title='bbox 513 2517 608 2567; x_wconf 85' lang='lat' dir='ltr'><strong>velint:</strong></span> <span class='ocrx_word' id='word_1_314' title='bbox 632 2524 728 2571; x_wconf 79' lang='lat' dir='ltr'><strong>tamen</strong></span> <span class='ocrx_word' id='word_1_315' title='bbox 750 2522 893 2572; x_wconf 86' lang='lat' dir='ltr'><strong>sciendum</strong></span> <span class='ocrx_word' id='word_1_316' title='bbox 911 2527 964 2583; x_wconf 89' lang='lat' dir='ltr'><strong>est,</strong></span> <span class='ocrx_word' id='word_1_317' title='bbox 991 2534 1059 2571; x_wconf 87' lang='lat' dir='ltr'><strong>eum</strong></span> <span class='ocrx_word' id='word_1_318' title='bbox 1083 2518 1164 2587; x_wconf 76' lang='lat' dir='ltr'><strong>poeti·</strong></span> 
     </span>
     <span class='ocr_line' id='line_1_33' title="bbox 133 2585 1161 2655; baseline -0.004 -15"><span class='ocrx_word' id='word_1_319' title='bbox 133 2606 185 2640; x_wconf 85' lang='lat' dir='ltr'><strong>cee</strong></span> <span class='ocrx_word' id='word_1_320' title='bbox 200 2588 327 2640; x_wconf 77' lang='lat' dir='ltr'><strong>licentiae</strong></span> <span class='ocrx_word' id='word_1_321' title='bbox 344 2587 489 2638; x_wconf 81' lang='lat' dir='ltr'><strong>inseruisse</strong></span> <span class='ocrx_word' id='word_1_322' title='bbox 505 2585 716 2654; x_wconf 77' lang='lat' dir='ltr'><strong>philosophiam.</strong></span> <span class='ocrx_word' id='word_1_323' title='bbox 730 2614 763 2627; x_wconf 92' lang='lat'><strong>·-</strong></span> <span class='ocrx_word' id='word_1_324' title='bbox 798 2594 858 2645; x_wconf 73' lang='lat'><strong>244.</strong></span> <span class='ocrx_word' id='word_1_325' title='bbox 877 2588 1024 2638; x_wconf 65' lang='lat' dir='ltr'><strong>struximus</strong></span> <span class='ocrx_word' id='word_1_326' title='bbox 1043 2589 1161 2655; x_wconf 77' lang='lat' dir='ltr'><strong>engeis3</strong></span> 
     </span>
     <span class='ocr_line' id='line_1_34' title="bbox 134 2655 1162 2726; baseline 0 -20"><span class='ocrx_word' id='word_1_327' title='bbox 134 2655 199 2726; x_wconf 90' lang='lat' dir='ltr'><strong>[vel]</strong></span> <span class='ocrx_word' id='word_1_328' title='bbox 215 2657 279 2724; x_wconf 84' lang='lat' dir='ltr'><strong>quia</strong></span> <span class='ocrx_word' id='word_1_329' title='bbox 295 2658 354 2725; x_wconf 87' lang='lat' dir='ltr'><strong>ipse</strong></span> <span class='ocrx_word' id='word_1_330' title='bbox 371 2655 468 2708; x_wconf 87' lang='lat' dir='ltr'><strong>ceteris</strong></span> <span class='ocrx_word' id='word_1_331' title='bbox 486 2663 526 2707; x_wconf 87' lang='lat' dir='ltr'><strong>est</strong></span> <span class='ocrx_word' id='word_1_332' title='bbox 543 2655 648 2721; x_wconf 79' lang='lat' dir='ltr'><strong>maior,</strong></span> <span class='ocrx_word' id='word_1_333' title='bbox 670 2656 723 2724; x_wconf 89' lang='lat' dir='ltr'><strong>[vel</strong></span> <span class='ocrx_word' id='word_1_334' title='bbox 739 2657 803 2725; x_wconf 84' lang='lat' dir='ltr'><strong>quia</strong></span> <span class='ocrx_word' id='word_1_335' title='bbox 820 2658 855 2707; x_wconf 85' lang='lat' dir='ltr'><strong>sd</strong></span> <span class='ocrx_word' id='word_1_336' title='bbox 873 2656 1028 2725; x_wconf 76' lang='lat' dir='ltr'><strong>Scythiam,</strong></span> <span class='ocrx_word' id='word_1_337' title='bbox 1044 2656 1088 2710; x_wconf 87' lang='lat' dir='ltr'><strong>vel</strong></span> <span class='ocrx_word' id='word_1_338' title='bbox 1104 2655 1162 2724; x_wconf 81' lang='lat' dir='ltr'><strong>quis</strong></span> 
     </span>
     <span class='ocr_line' id='line_1_35' title="bbox 133 2723 1163 2793; baseline -0.003 -15"><span class='ocrx_word' id='word_1_339' title='bbox 133 2729 208 2778; x_wconf 89' lang='lat' dir='ltr'><strong>inter</strong></span> <span class='ocrx_word' id='word_1_340' title='bbox 225 2726 290 2775; x_wconf 78' lang='lat' dir='ltr'><strong>duas</strong></span> <span class='ocrx_word' id='word_1_341' title='bbox 307 2734 405 2777; x_wconf 79' lang='lat' dir='ltr'><strong>arctos.</strong></span> <span class='ocrx_word' id='word_1_342' title='bbox 439 2724 509 2775; x_wconf 82' lang='lat' dir='ltr'><strong>Sane</strong></span> <span class='ocrx_word' id='word_1_343' title='bbox 526 2723 599 2774; x_wconf 90' lang='lat' dir='ltr'><strong>hunc</strong></span> <span class='ocrx_word' id='word_1_344' title='bbox 617 2723 766 2777; x_wconf 77' lang='lat' dir='ltr'><strong>draconem</strong></span> <span class='ocrx_word' id='word_1_345' title='bbox 785 2726 897 2793; x_wconf 82' lang='lat' dir='ltr'><strong>quidem</strong></span> <span class='ocrx_word' id='word_1_346' title='bbox 914 2726 1054 2790; x_wconf 86' lang='lat' dir='ltr'><strong>occisum,</strong></span> <span class='ocrx_word' id='word_1_347' title='bbox 1077 2731 1105 2777; x_wconf 91' lang='lat' dir='ltr'><strong>et</strong></span> <span class='ocrx_word' id='word_1_348' title='bbox 1126 2723 1163 2775; x_wconf 89' lang='lat' dir='ltr'><strong>in·</strong></span> 
     </span>
     <span class='ocr_line' id='line_1_36' title="bbox 133 2791 1162 2860; baseline -0.002 -14"><span class='ocrx_word' id='word_1_349' title='bbox 133 2803 178 2846; x_wconf 90' lang='lat' dir='ltr'><strong>ter</strong></span> <span class='ocrx_word' id='word_1_350' title='bbox 202 2793 292 2845; x_wconf 80' lang='lat' dir='ltr'><strong>sidera</strong></span> <span class='ocrx_word' id='word_1_351' title='bbox 314 2795 487 2845; x_wconf 79' lang='lat' dir='ltr'><strong>conlocatum</strong></span> <span class='ocrx_word' id='word_1_352' title='bbox 512 2811 529 2844; x_wconf 80' lang='lat' dir='ltr'><strong>a</strong></span> <span class='ocrx_word' id='word_1_353' title='bbox 546 2791 670 2844; x_wconf 76' lang='lat' dir='ltr'><strong>Minerva</strong></span> <span class='ocrx_word' id='word_1_354' title='bbox 696 2794 802 2844; x_wconf 89' lang='lat' dir='ltr'><strong>dicunt:</strong></span> <span class='ocrx_word' id='word_1_355' title='bbox 827 2796 880 2845; x_wconf 85' lang='lat' dir='ltr'><strong>Alii</strong></span> <span class='ocrx_word' id='word_1_356' title='bbox 903 2796 976 2845; x_wconf 90' lang='lat' dir='ltr'><strong>hunc</strong></span> <span class='ocrx_word' id='word_1_357' title='bbox 1001 2811 1061 2847; x_wconf 89' lang='lat' dir='ltr'><strong>esse</strong></span> <span class='ocrx_word' id='word_1_358' title='bbox 1084 2807 1162 2860; x_wconf 85' lang='lat' dir='ltr'><strong>quem</strong></span> 
     </span>
     <span class='ocr_line' id='line_1_37' title="bbox 134 2860 1161 2932; baseline -0.005 -17"><span class='ocrx_word' id='word_1_359' title='bbox 134 2862 264 2915; x_wconf 86' lang='lat' dir='ltr'><strong>Hercules</strong></span> <span class='ocrx_word' id='word_1_360' title='bbox 281 2864 479 2914; x_wconf 84' lang='lat' dir='ltr'><strong>custodientem</strong></span> <span class='ocrx_word' id='word_1_361' title='bbox 503 2861 574 2911; x_wconf 78' lang='lat' dir='ltr'><strong>male</strong></span> <span class='ocrx_word' id='word_1_362' title='bbox 594 2878 678 2912; x_wconf 81' lang='lat' dir='ltr'><strong>auree</strong></span> <span class='ocrx_word' id='word_1_363' title='bbox 695 2864 878 2932; x_wconf 84' lang='lat' dir='ltr'><strong>Hesperidum</strong></span> <span class='ocrx_word' id='word_1_364' title='bbox 898 2862 1005 2913; x_wconf 89' lang='lat' dir='ltr'><strong>occidit.</strong></span> <span class='ocrx_word' id='word_1_365' title='bbox 1039 2860 1098 2912; x_wconf 84' lang='lat' dir='ltr'><strong>Hie</strong></span> <span class='ocrx_word' id='word_1_366' title='bbox 1115 2874 1161 2927; x_wconf 88' lang='lat' dir='ltr'><strong>pro</strong></span> 
     </span>
     <span class='ocr_line' id='line_1_38' title="bbox 131 2931 1162 2999; baseline -0.003 -18"><span class='ocrx_word' id='word_1_367' title='bbox 131 2931 206 2996; x_wconf 81' lang='lat' dir='ltr'><strong>illic]</strong></span> <span class='ocrx_word' id='word_1_368' title='bbox 226 2956 259 2967; x_wconf 88' lang='lat'>—</span> <span class='ocrx_word' id='word_1_369' title='bbox 293 2938 355 2987; x_wconf 72' lang='lat'><strong>245.</strong></span> <span class='ocrx_word' id='word_1_370' title='bbox 375 2932 487 2981; x_wconf 82' lang='lat' dir='ltr'><strong>Circum</strong></span> <span class='ocrx_word' id='word_1_371' title='bbox 505 2947 603 2997; x_wconf 74' lang='lat' dir='ltr'><strong>perque</strong></span> <span class='ocrx_word' id='word_1_372' title='bbox 622 2931 709 2993; x_wconf 82' lang='lat' dir='ltr'><strong>duor;</strong></span> <span class='ocrx_word' id='word_1_373' title='bbox 729 2934 880 2983; x_wconf 74' lang='lat' dir='ltr'><strong>etcinerem</strong></span> <span class='ocrx_word' id='word_1_374' title='bbox 899 2933 976 2983; x_wconf 87' lang='lat' dir='ltr'><strong>enim</strong></span> <span class='ocrx_word' id='word_1_375' title='bbox 993 2938 1049 2995; x_wconf 88' lang='lat' dir='ltr'><strong>est,</strong></span> <span class='ocrx_word' id='word_1_376' title='bbox 1067 2937 1095 2982; x_wconf 85' lang='lat' dir='ltr'><strong>et</strong></span> <span class='ocrx_word' id='word_1_377' title='bbox 1110 2946 1162 2999; x_wconf 78' lang='lat' dir='ltr'><strong>per,</strong></span> 
     </span>
     <span class='ocr_line' id='line_1_39' title="bbox 132 2997 1162 3068; baseline -0.004 -18"><span class='ocrx_word' id='word_1_378' title='bbox 132 3017 198 3050; x_wconf 80' lang='lat' dir='ltr'><strong>nem</strong></span> <span class='ocrx_word' id='word_1_379' title='bbox 225 3000 273 3065; x_wconf 88' lang='lat' dir='ltr'><strong>(et)</strong></span> <span class='ocrx_word' id='word_1_380' title='bbox 298 3017 348 3068; x_wconf 81' lang='lat' dir='ltr'><strong>per</strong></span> <span class='ocrx_word' id='word_1_381' title='bbox 375 3009 520 3067; x_wconf 78' lang='lat' dir='ltr'><strong>utramque</strong></span> <span class='ocrx_word' id='word_1_382' title='bbox 548 2999 665 3063; x_wconf 76' lang='lat' dir='ltr'><strong>labitur,</strong></span> <span class='ocrx_word' id='word_1_383' title='bbox 695 2999 730 3066; x_wconf 85' lang='lat' dir='ltr'><strong>[i.</strong></span> <span class='ocrx_word' id='word_1_384' title='bbox 756 3018 793 3062; x_wconf 88' lang='lat' dir='ltr'><strong>e.,</strong></span> <span class='ocrx_word' id='word_1_385' title='bbox 824 3001 897 3051; x_wconf 89' lang='lat' dir='ltr'><strong>iuter</strong></span> <span class='ocrx_word' id='word_1_386' title='bbox 920 2997 1005 3065; x_wconf 76' lang='lat' dir='ltr'><strong>diras]</strong></span> <span class='ocrx_word' id='word_1_387' title='bbox 1029 2999 1162 3050; x_wconf 76' lang='lat' dir='ltr'><strong>maiorem</strong></span> 
     </span>
    </p>
   </div>
   <div class='ocr_carea' id='block_1_9' title="bbox 45 3058 1161 3135">
    <p class='ocr_par' dir='ltr' id='par_1_9' title="bbox 45 3058 1161 3135">
     <span class='ocr_line' id='line_1_40' title="bbox 45 3058 1161 3135; baseline -0.003 -18"><span class='ocrx_word' id='word_1_388' title='bbox 45 3058 53 3075; x_wconf 83' lang='lat'><em>⁰</em></span> <span class='ocrx_word' id='word_1_389' title='bbox 132 3067 219 3118; x_wconf 81' lang='lat' dir='ltr'><strong>cende</strong></span> <span class='ocrx_word' id='word_1_390' title='bbox 236 3076 366 3134; x_wconf 80' lang='lat' dir='ltr'><strong>tangens,</strong></span> <span class='ocrx_word' id='word_1_391' title='bbox 392 3069 450 3118; x_wconf 84' lang='lat' dir='ltr'><strong>elvo</strong></span> <span class='ocrx_word' id='word_1_392' title='bbox 468 3069 652 3134; x_wconf 86' lang='lat' dir='ltr'><strong>complectens</strong></span> <span class='ocrx_word' id='word_1_393' title='bbox 669 3069 815 3119; x_wconf 88' lang='lat' dir='ltr'><strong>minorem.</strong></span> <span class='ocrx_word' id='word_1_394' title='bbox 852 3069 886 3118; x_wconf 87' lang='lat' dir='ltr'><strong>ln</strong></span> <span class='ocrx_word' id='word_1_395' title='bbox 904 3085 1007 3118; x_wconf 78' lang='lat' dir='ltr'><strong>rnorem</strong></span> <span class='ocrx_word' id='word_1_396' title='bbox 1024 3066 1161 3135; x_wconf 85' lang='lat' dir='ltr'><strong>fluminis</strong></span> 
     </span>
    </p>
   </div>
   <div class='ocr_carea' id='block_1_10' title="bbox 129 3131 1163 3546">
    <p class='ocr_par' dir='ltr' id='par_1_10' title="bbox 129 3131 1163 3546">
     <span class='ocr_line' id='line_1_41' title="bbox 132 3131 1161 3204; baseline -0.002 -19"><span class='ocrx_word' id='word_1_397' title='bbox 132 3149 241 3201; x_wconf 81' lang='lat' dir='ltr'><strong>orct0s3</strong></span> <span class='ocrx_word' id='word_1_398' title='bbox 261 3137 393 3187; x_wconf 81' lang='lat' dir='ltr'><strong>Hesiodus</strong></span> <span class='ocrx_word' id='word_1_399' title='bbox 410 3133 525 3204; x_wconf 68' lang='grc' dir='ltr'><strong><em>ποταμῷ</em></strong></span> <span class='ocrx_word' id='word_1_400' title='bbox 542 3137 630 3203; x_wconf 73' lang='grc' dir='ltr'><em>ῥέοντι</em></span> <span class='ocrx_word' id='word_1_401' title='bbox 647 3131 749 3188; x_wconf 71' lang='lat' dir='ltr'><strong>introit.</strong></span> <span class='ocrx_word' id='word_1_402' title='bbox 769 3163 802 3173; x_wconf 88' lang='lat'>-</span> <span class='ocrx_word' id='word_1_403' title='bbox 836 3144 898 3193; x_wconf 77' lang='lat'><strong>246.</strong></span> <span class='ocrx_word' id='word_1_404' title='bbox 918 3138 1026 3191; x_wconf 79' lang='lat' dir='ltr'><strong>Oceani</strong></span> <span class='ocrx_word' id='word_1_405' title='bbox 1046 3149 1161 3186; x_wconf 82' lang='lat' dir='ltr'><strong>metuen-</strong></span> 
     </span>
     <span class='ocr_line' id='line_1_42' title="bbox 132 3202 1163 3273; baseline -0.002 -19"><span class='ocrx_word' id='word_1_406' title='bbox 132 3217 172 3255; x_wconf 85' lang='lat' dir='ltr'><strong>tes</strong></span> <span class='ocrx_word' id='word_1_407' title='bbox 191 3223 312 3270; x_wconf 79' lang='lat' dir='ltr'><strong>oequora</strong></span> <span class='ocrx_word' id='word_1_408' title='bbox 330 3208 406 3271; x_wconf 84' lang='lat' dir='ltr'><strong>tingi</strong></span> <span class='ocrx_word' id='word_1_409' title='bbox 412 3227 420 3270; x_wconf 87' lang='lat'><strong>;</strong></span> <span class='ocrx_word' id='word_1_410' title='bbox 445 3207 497 3257; x_wconf 90' lang='lat' dir='ltr'><strong>hoc</strong></span> <span class='ocrx_word' id='word_1_411' title='bbox 514 3208 635 3256; x_wconf 81' lang='lat' dir='ltr'><strong>refertur</strong></span> <span class='ocrx_word' id='word_1_412' title='bbox 652 3206 686 3256; x_wconf 80' lang='lat' dir='ltr'><strong>nd</strong></span> <span class='ocrx_word' id='word_1_413' title='bbox 703 3206 839 3256; x_wconf 84' lang='lat' dir='ltr'><strong>fabulam:</strong></span> <span class='ocrx_word' id='word_1_414' title='bbox 863 3207 937 3256; x_wconf 82' lang='lat' dir='ltr'><strong>Nam</strong></span> <span class='ocrx_word' id='word_1_415' title='bbox 952 3206 1005 3257; x_wconf 84' lang='lat' dir='ltr'><strong>bne</strong></span> <span class='ocrx_word' id='word_1_416' title='bbox 1022 3205 1094 3257; x_wconf 81' lang='lat' dir='ltr'><strong>dune</strong></span> <span class='ocrx_word' id='word_1_417' title='bbox 1111 3202 1163 3273; x_wconf 87' lang='lat' dir='ltr'><strong>pel·</strong></span> 
     </span>
     <span class='ocr_line' id='line_1_43' title="bbox 130 3273 1162 3343; baseline -0.003 -19"><span class='ocrx_word' id='word_1_418' title='bbox 130 3274 196 3324; x_wconf 86' lang='lat' dir='ltr'><strong>lices</strong></span> <span class='ocrx_word' id='word_1_419' title='bbox 213 3273 322 3324; x_wconf 85' lang='lat' dir='ltr'><strong>lunonis</strong></span> <span class='ocrx_word' id='word_1_420' title='bbox 340 3275 421 3326; x_wconf 84' lang='lat' dir='ltr'><strong>fuisse</strong></span> <span class='ocrx_word' id='word_1_421' title='bbox 439 3274 579 3324; x_wconf 88' lang='lat' dir='ltr'><strong>dicuntur:</strong></span> <span class='ocrx_word' id='word_1_422' title='bbox 606 3290 672 3340; x_wconf 67' lang='lat' dir='ltr'><strong>quus</strong></span> <span class='ocrx_word' id='word_1_423' title='bbox 696 3281 841 3343; x_wconf 81' lang='lat' dir='ltr'><strong>postquam</strong></span> <span class='ocrx_word' id='word_1_424' title='bbox 859 3275 980 3343; x_wconf 87' lang='lat' dir='ltr'><strong>luppiter</strong></span> <span class='ocrx_word' id='word_1_425' title='bbox 996 3274 1026 3324; x_wconf 92' lang='lat' dir='ltr'><strong>in</strong></span> <span class='ocrx_word' id='word_1_426' title='bbox 1043 3273 1162 3324; x_wconf 87' lang='lat' dir='ltr'><strong>siderum</strong></span> 
     </span>
     <span class='ocr_line' id='line_1_44' title="bbox 130 3341 1162 3410; baseline -0.005 -18"><span class='ocrx_word' id='word_1_427' title='bbox 130 3341 235 3393; x_wconf 87' lang='lat' dir='ltr'><strong>rettulit</strong></span> <span class='ocrx_word' id='word_1_428' title='bbox 258 3358 424 3407; x_wconf 88' lang='lat' dir='ltr'><strong>numerum,</strong></span> <span class='ocrx_word' id='word_1_429' title='bbox 448 3343 516 3392; x_wconf 89' lang='lat' dir='ltr'><strong>luno</strong></span> <span class='ocrx_word' id='word_1_430' title='bbox 541 3344 646 3410; x_wconf 78' lang='lat' dir='ltr'><strong>rogavit</strong></span> <span class='ocrx_word' id='word_1_431' title='bbox 663 3342 766 3393; x_wconf 77' lang='lat' dir='ltr'><strong>&#39;sethin</strong></span> <span class='ocrx_word' id='word_1_432' title='bbox 790 3359 867 3392; x_wconf 82' lang='lat' dir='ltr'><strong>suam</strong></span> <span class='ocrx_word' id='word_1_433' title='bbox 885 3343 1098 3406; x_wconf 73' lang='lat' dir='ltr'><strong>nutricem,‚ne</strong></span> <span class='ocrx_word' id='word_1_434' title='bbox 1115 3355 1162 3388; x_wconf 91' lang='lat' dir='ltr'><strong>un·</strong></span> 
     </span>
     <span class='ocr_line' id='line_1_45' title="bbox 130 3404 1161 3477; baseline -0.003 -19"><span class='ocrx_word' id='word_1_435' title='bbox 130 3426 216 3477; x_wconf 79' lang='lat' dir='ltr'><strong>qrram</strong></span> <span class='ocrx_word' id='word_1_436' title='bbox 234 3426 278 3461; x_wconf 74' lang='lat' dir='ltr'><strong>ees</strong></span> <span class='ocrx_word' id='word_1_437' title='bbox 297 3418 436 3476; x_wconf 80' lang='lat' dir='ltr'><strong>peteretur</strong></span> <span class='ocrx_word' id='word_1_438' title='bbox 454 3411 588 3461; x_wconf 87' lang='lat' dir='ltr'><strong>occidere.</strong></span> <span class='ocrx_word' id='word_1_439' title='bbox 622 3411 699 3462; x_wconf 85' lang='lat' dir='ltr'><strong>Unde</strong></span> <span class='ocrx_word' id='word_1_440' title='bbox 723 3427 797 3461; x_wconf 87' lang='lat' dir='ltr'><strong>nunc</strong></span> <span class='ocrx_word' id='word_1_441' title='bbox 824 3423 975 3460; x_wconf 79' lang='lat' dir='ltr'><strong>metuentes</strong></span> <span class='ocrx_word' id='word_1_442' title='bbox 993 3408 1068 3471; x_wconf 81' lang='lat' dir='ltr'><strong>dixit,</strong></span> <span class='ocrx_word' id='word_1_443' title='bbox 1092 3404 1161 3457; x_wconf 86' lang='lat' dir='ltr'><strong>scili·</strong></span> 
     </span>
     <span class='ocr_line' id='line_1_46' title="bbox 129 3471 1159 3546; baseline -0.001 -19"><span class='ocrx_word' id='word_1_444' title='bbox 129 3487 174 3528; x_wconf 86' lang='lat' dir='ltr'><strong>eet</strong></span> <span class='ocrx_word' id='word_1_445' title='bbox 190 3478 329 3528; x_wconf 85' lang='lat' dir='ltr'><strong>nutricem</strong></span> <span class='ocrx_word' id='word_1_446' title='bbox 348 3480 465 3530; x_wconf 89' lang='lat' dir='ltr'><strong>lunonis.</strong></span> <span class='ocrx_word' id='word_1_447' title='bbox 499 3478 578 3546; x_wconf 84' lang='lat' dir='ltr'><strong>[Sunt</strong></span> <span class='ocrx_word' id='word_1_448' title='bbox 595 3488 687 3530; x_wconf 79' lang='lat' dir='ltr'><strong>etitem</strong></span> <span class='ocrx_word' id='word_1_449' title='bbox 709 3479 763 3530; x_wconf 81' lang='lat' dir='ltr'><strong>hae</strong></span> <span class='ocrx_word' id='word_1_450' title='bbox 781 3479 889 3543; x_wconf 86' lang='lat' dir='ltr'><strong>Helice,</strong></span> <span class='ocrx_word' id='word_1_451' title='bbox 906 3487 934 3530; x_wconf 86' lang='lat' dir='ltr'><strong>et</strong></span> <span class='ocrx_word' id='word_1_452' title='bbox 951 3478 1102 3546; x_wconf 77' lang='lat' dir='ltr'><strong>Cynosura,</strong></span> <span class='ocrx_word' id='word_1_453' title='bbox 1125 3471 1159 3521; x_wconf 74' lang='lat' dir='ltr'><strong>de</strong></span> 
     </span>
    </p>
   </div>
   <div class='ocr_carea' id='block_1_11' title="bbox 129 3546 1211 3633">
    <p class='ocr_par' dir='ltr' id='par_1_11' title="bbox 129 3546 1211 3633">
     <span class='ocr_line' id='line_1_47' title="bbox 129 3546 1211 3633; baseline -0.007 -34"><span class='ocrx_word' id='word_1_454' title='bbox 129 3546 223 3599; x_wconf 85' lang='lat' dir='ltr'><strong>Helice</strong></span> <span class='ocrx_word' id='word_1_455' title='bbox 240 3546 374 3614; x_wconf 83' lang='lat' dir='ltr'><strong>Lycaonis</strong></span> <span class='ocrx_word' id='word_1_456' title='bbox 396 3549 452 3599; x_wconf 79' lang='lat' dir='ltr'><strong>filia</strong></span> <span class='ocrx_word' id='word_1_457' title='bbox 470 3556 563 3599; x_wconf 80' lang='lat' dir='ltr'><strong>amata</strong></span> <span class='ocrx_word' id='word_1_458' title='bbox 580 3564 597 3596; x_wconf 84' lang='lat' dir='ltr'><strong>a</strong></span> <span class='ocrx_word' id='word_1_459' title='bbox 614 3548 676 3600; x_wconf 87' lang='lat' dir='ltr'><strong>Iove</strong></span> <span class='ocrx_word' id='word_1_460' title='bbox 692 3556 721 3600; x_wconf 89' lang='lat' dir='ltr'><strong>et</strong></span> <span class='ocrx_word' id='word_1_461' title='bbox 738 3565 755 3598; x_wconf 86' lang='lat' dir='ltr'>a</span> <span class='ocrx_word' id='word_1_462' title='bbox 772 3549 877 3600; x_wconf 87' lang='lat' dir='ltr'><strong>lunone</strong></span> <span class='ocrx_word' id='word_1_463' title='bbox 900 3548 929 3598; x_wconf 89' lang='lat' dir='ltr'><strong>in</strong></span> <span class='ocrx_word' id='word_1_464' title='bbox 947 3560 1039 3598; x_wconf 73' lang='lat' dir='ltr'><strong>ursam</strong></span> <span class='ocrx_word' id='word_1_465' title='bbox 1055 3548 1162 3595; x_wconf 75' lang='lat' dir='ltr'><strong>mutata</strong></span> <span class='ocrx_word' id='word_1_466' title='bbox 1209 3620 1211 3633; x_wconf 46' lang='grc' dir='ltr'>Ι</span> 
     </span>
    </p>
   </div>
   <div class='ocr_carea' id='block_1_12' title="bbox 920 3642 928 3671">
    <p class='ocr_par' dir='ltr' id='par_1_12' title="bbox 920 3642 928 3671">
     <span class='ocr_line' id='line_1_48' title="bbox 920 3642 928 3671; baseline 0 0"><span class='ocrx_word' id='word_1_467' title='bbox 920 3642 928 3671; x_wconf 83' lang='lat' dir='ltr'><strong>l</strong></span> 
     </span>
    </p>
   </div>
   <div class='ocr_carea' id='block_1_13' title="bbox 157 3741 1164 3896">
    <p class='ocr_par' dir='ltr' id='par_1_13' title="bbox 157 3741 1164 3896">
     <span class='ocr_line' id='line_1_49' title="bbox 157 3741 1162 3795; baseline -0.004 -12"><span class='ocrx_word' id='word_1_468' title='bbox 157 3741 208 3792; x_wconf 73' lang='lat'>240)</span> <span class='ocrx_word' id='word_1_469' title='bbox 238 3746 262 3781; x_wconf 78' lang='lat' dir='ltr'><strong>G.</strong></span> <span class='ocrx_word' id='word_1_470' title='bbox 277 3745 366 3782; x_wconf 85' lang='lat' dir='ltr'><strong>Mundus</strong></span> <span class='ocrx_word' id='word_1_471' title='bbox 380 3756 416 3792; x_wconf 84' lang='lat' dir='ltr'><strong>pro</strong></span> <span class='ocrx_word' id='word_1_472' title='bbox 431 3743 486 3779; x_wconf 77' lang='lat' dir='ltr'><strong>coelo</strong></span> <span class='ocrx_word' id='word_1_473' title='bbox 503 3745 609 3793; x_wconf 71' lang='lat' dir='ltr'><strong>recipitur:</strong></span> <span class='ocrx_word' id='word_1_474' title='bbox 630 3760 676 3783; x_wconf 78' lang='lat' dir='ltr'><strong>nom</strong></span> <span class='ocrx_word' id='word_1_475' title='bbox 691 3746 758 3783; x_wconf 84' lang='lat' dir='ltr'><strong>muudi</strong></span> <span class='ocrx_word' id='word_1_476' title='bbox 779 3746 858 3782; x_wconf 83' lang='lat' dir='ltr'><strong>nomine</strong></span> <span class='ocrx_word' id='word_1_477' title='bbox 881 3753 966 3795; x_wconf 77' lang='lat' dir='ltr'><strong>‹liistuor</strong></span> <span class='ocrx_word' id='word_1_478' title='bbox 988 3747 1085 3783; x_wconf 72' lang='lat' dir='ltr'><strong>elementi</strong></span> <span class='ocrx_word' id='word_1_479' title='bbox 1100 3742 1162 3780; x_wconf 83' lang='lat' dir='ltr'><strong>conti-</strong></span> 
     </span>
     <span class='ocr_line' id='line_1_50' title="bbox 216 3801 1164 3853; baseline -0.002 -14"><span class='ocrx_word' id='word_1_480' title='bbox 216 3809 300 3845; x_wconf 81' lang='lat' dir='ltr'><strong>nentur,</strong></span> <span class='ocrx_word' id='word_1_481' title='bbox 320 3801 486 3851; x_wconf 78' lang='lat' dir='ltr'><strong>qrreniadmodum</strong></span> <span class='ocrx_word' id='word_1_482' title='bbox 502 3802 582 3850; x_wconf 75' lang='lat' dir='ltr'><strong>erigitur</strong></span> <span class='ocrx_word' id='word_1_483' title='bbox 596 3805 681 3840; x_wconf 74' lang='lat' dir='ltr'><strong>restrudus</strong></span> <span class='ocrx_word' id='word_1_484' title='bbox 696 3804 716 3840; x_wconf 89' lang='lat' dir='ltr'><strong>in</strong></span> <span class='ocrx_word' id='word_1_485' title='bbox 731 3803 907 3853; x_wconf 64' lang='lat' dir='ltr'><strong>septentrionalem</strong></span> <span class='ocrx_word' id='word_1_486' title='bbox 921 3805 1015 3851; x_wconf 72' lang='lat' dir='ltr'><strong>plegem,</strong></span> <span class='ocrx_word' id='word_1_487' title='bbox 1034 3801 1062 3838; x_wconf 82' lang='lat' dir='ltr'><strong>ils</strong></span> <span class='ocrx_word' id='word_1_488' title='bbox 1078 3802 1164 3838; x_wconf 74' lang='lat' dir='ltr'><strong>decline-</strong></span> 
     </span>
     <span class='ocr_line' id='line_1_51' title="bbox 214 3857 585 3896; baseline -0.005 -1"><span class='ocrx_word' id='word_1_489' title='bbox 214 3867 246 3895; x_wconf 82' lang='lat' dir='ltr'><strong>nn·</strong></span> <span class='ocrx_word' id='word_1_490' title='bbox 260 3859 280 3895; x_wconf 87' lang='lat' dir='ltr'><strong>in</strong></span> <span class='ocrx_word' id='word_1_491' title='bbox 294 3857 415 3896; x_wconf 73' lang='lat' dir='ltr'><strong>Australem.</strong></span> <span class='ocrx_word' id='word_1_492' title='bbox 444 3858 485 3893; x_wconf 73' lang='lat' dir='ltr'><strong>tam</strong></span> <span class='ocrx_word' id='word_1_493' title='bbox 500 3857 532 3894; x_wconf 78' lang='lat' dir='ltr'><strong>hic</strong></span> <span class='ocrx_word' id='word_1_494' title='bbox 548 3866 585 3894; x_wconf 83' lang='lat' dir='ltr'><strong>etc.</strong></span> 
     </span>
    </p>
   </div>
   <div class='ocr_carea' id='block_1_14' title="bbox 157 3933 1165 4104">
    <p class='ocr_par' dir='ltr' id='par_1_14' title="bbox 157 3933 1165 4104">
     <span class='ocr_line' id='line_1_52' title="bbox 157 3933 1165 3989; baseline -0.005 -13"><span class='ocrx_word' id='word_1_495' title='bbox 157 3934 209 3986; x_wconf 70' lang='lat'><strong>242)</strong></span> <span class='ocrx_word' id='word_1_496' title='bbox 239 3940 263 3975; x_wconf 88' lang='lat' dir='ltr'><strong>G.</strong></span> <span class='ocrx_word' id='word_1_497' title='bbox 285 3938 428 3987; x_wconf 74' lang='lat' dir='ltr'><strong>septemtrione</strong></span> <span class='ocrx_word' id='word_1_498' title='bbox 444 3938 528 3979; x_wconf 77' lang='lat' dir='ltr'><strong>Arctoe,</strong></span> <span class='ocrx_word' id='word_1_499' title='bbox 551 3945 571 3974; x_wconf 86' lang='lat' dir='ltr'><strong>ul</strong></span> <span class='ocrx_word' id='word_1_500' title='bbox 587 3939 661 3976; x_wconf 79' lang='lat' dir='ltr'><strong>Artius</strong></span> <span class='ocrx_word' id='word_1_501' title='bbox 677 3940 735 3983; x_wconf 88' lang='lat' dir='ltr'><strong>dicit,</strong></span> <span class='ocrx_word' id='word_1_502' title='bbox 757 3953 815 3989; x_wconf 78' lang='lat' dir='ltr'><strong>quem</strong></span> <span class='ocrx_word' id='word_1_503' title='bbox 829 3940 940 3977; x_wconf 81' lang='lat' dir='ltr'><strong>secundnm</strong></span> <span class='ocrx_word' id='word_1_504' title='bbox 959 3939 1019 3976; x_wconf 74' lang='lat' dir='ltr'><strong>etim·</strong></span> <span class='ocrx_word' id='word_1_505' title='bbox 1041 3937 1105 3974; x_wconf 63' lang='lat' dir='ltr'><strong>nosci</strong></span> <span class='ocrx_word' id='word_1_506' title='bbox 1118 3933 1165 3973; x_wconf 85' lang='lat' dir='ltr'><strong>coeli</strong></span> 
     </span>
     <span class='ocr_line' id='line_1_53' title="bbox 214 3993 1164 4043; baseline -0.004 -11"><span class='ocrx_word' id='word_1_507' title='bbox 214 3996 298 4034; x_wconf 73' lang='lat' dir='ltr'><strong>arcticus</strong></span> <span class='ocrx_word' id='word_1_508' title='bbox 313 3995 397 4032; x_wconf 84' lang='lat' dir='ltr'><strong>circulus</strong></span> <span class='ocrx_word' id='word_1_509' title='bbox 412 4001 481 4031; x_wconf 81' lang='lat' dir='ltr'><strong>contre</strong></span> <span class='ocrx_word' id='word_1_510' title='bbox 497 3993 594 4031; x_wconf 86' lang='lat' dir='ltr'><strong>orientem</strong></span> <span class='ocrx_word' id='word_1_511' title='bbox 609 3995 698 4040; x_wconf 84' lang='lat' dir='ltr'><strong>invenit,</strong></span> <span class='ocrx_word' id='word_1_512' title='bbox 719 4003 738 4033; x_wconf 93' lang='lat' dir='ltr'><strong>et</strong></span> <span class='ocrx_word' id='word_1_513' title='bbox 760 4003 828 4032; x_wconf 76' lang='lat' dir='ltr'><strong>eontra</strong></span> <span class='ocrx_word' id='word_1_514' title='bbox 848 3996 942 4033; x_wconf 81' lang='lat' dir='ltr'><strong>Aretieus</strong></span> <span class='ocrx_word' id='word_1_515' title='bbox 963 4007 1024 4043; x_wconf 80' lang='lat' dir='ltr'><strong>supet</strong></span> <span class='ocrx_word' id='word_1_516' title='bbox 1040 4007 1081 4032; x_wconf 84' lang='lat' dir='ltr'><strong>nou</strong></span> <span class='ocrx_word' id='word_1_517' title='bbox 1096 4005 1164 4030; x_wconf 80' lang='lat' dir='ltr'><strong>excur-</strong></span> 
     </span>
     <span class='ocr_line' id='line_1_54' title="bbox 212 4049 1043 4104; baseline -0.002 -13"><span class='ocrx_word' id='word_1_518' title='bbox 212 4053 245 4094; x_wconf 86' lang='lat' dir='ltr'><strong>rit.</strong></span> <span class='ocrx_word' id='word_1_519' title='bbox 273 4059 394 4103; x_wconf 74' lang='lat' dir='ltr'><strong>quopropter</strong></span> <span class='ocrx_word' id='word_1_520' title='bbox 407 4057 484 4102; x_wconf 80' lang='lat' dir='ltr'><strong>pestem</strong></span> <span class='ocrx_word' id='word_1_521' title='bbox 498 4049 554 4089; x_wconf 82' lang='lat' dir='ltr'><strong>illem</strong></span> <span class='ocrx_word' id='word_1_522' title='bbox 569 4050 630 4090; x_wconf 76' lang='lat' dir='ltr'><strong>effers</strong></span> <span class='ocrx_word' id='word_1_523' title='bbox 643 4052 751 4103; x_wconf 76' lang='lat' dir='ltr'><strong>Astrologii</strong></span> <span class='ocrx_word' id='word_1_524' title='bbox 766 4053 821 4091; x_wconf 84' lang='lat' dir='ltr'><strong>nulls</strong></span> <span class='ocrx_word' id='word_1_525' title='bbox 835 4052 913 4103; x_wconf 82' lang='lat' dir='ltr'><strong>picture</strong></span> <span class='ocrx_word' id='word_1_526' title='bbox 928 4051 1043 4104; x_wconf 73' lang='lat' dir='ltr'><strong>designent.</strong></span> 
     </span>
    </p>
   </div>
   <div class='ocr_carea' id='block_1_15' title="bbox 0 0 1220 4620">
    <p class='ocr_par' dir='ltr' id='par_1_15' title="bbox 0 0 1220 4620">
     <span class='ocr_line' id='line_1_55' title="bbox 0 0 1220 4620; baseline 0 5"><span class='ocrx_word' id='word_1_527' title='bbox 0 0 1220 4620; x_wconf 95' lang='lat' dir='ltr'><strong> </strong></span> 
     </span>
    </p>
   </div>
  </div>
 </body>
</html>
