2452 4626
225 291 262 332 m
285 269 446 335 iinon.
468 267 628 332 ancon.
650 258 744 342 viu,
764 264 925 338 ,τῦ-67.
976 228 980 235 ’
1031 271 1097 353 ua

52 454 267 508 coniuratorum
279 470 378 507 manus
392 452 546 521 invola'sset,
581 453 632 506 etit
648 452 685 506 ab
702 452 741 506 eis
754 452 855 518 Arion,
872 457 904 503 ut
919 448 971 502 sibi
988 448 1099 502 cithara

54 543 159 577 canere
178 524 291 587 liceret,
313 524 469 592 quodcum
487 472 598 575 abillis
635 523 782 575 ermissum
799 529 883 586 esset,
907 519 941 570 ad
958 519 1016 572 eius
1033 536 1098 572 can·
1149 548 1152 563 ·

53 594 173 644 tilenam
191 608 345 644 convenere
363 591 512 658 delphines.
545 593 572 643 ls
598 541 646 643 nii
669 590 777 643 somnio
802 589 885 641 iidem
904 589 1006 655 iactatu
1024 587 1098 654 vidit,

54 666 83 713 in
101 677 185 713 mare
203 677 232 711 ee
250 661 454 730 praecipitavit,
479 669 507 711 et
531 669 658 729 exceptus
682 661 717 712 ab
736 675 790 710 uno
808 657 953 726 delphine,
975 658 1010 710 ad
1027 657 1099 710 Tae·

57 746 162 782 narum
180 729 335 787 Laconicae
352 729 575 798 promontorium
592 737 735 796 provectus
753 736 808 789 est,
825 727 918 795 ibique
937 727 971 779 ad
989 741 1099 793 memo·

56 800 133 850 riam
150 812 266 850 casuum
283 813 396 848 suorum
418 797 447 849 in
465 798 569 865 templo
587 796 718 866 Apollinis
734 796 856 864 delphini
880 794 959 862 signo
976 794 1099 848 insiden·
1122 820 1131 841 a

56 876 114 920 tem
139 883 174 919 se
192 882 259 916 curu
283 867 389 924 cithara
414 865 510 934 posuit.
549 865 652 916 Exinde
677 866 843 917 Corinthum
870 863 954 931 petit,
982 873 1011 917 et
1038 862 1098 914 u'ni-

58 953 137 988 rersa
153 934 283 986 narravit.
317 937 349 989 Iu
372 943 498 1002 tempora
517 941 610 985 autem
634 933 687 984 hoc
706 933 791 985 etiam
816 933 905 995 naua,
928 932 957 984 iu
974 950 1030 1001 qua
1048 948 1098 983 na-

58 1005 207 1072 vigaverat,
224 1019 289 1055 cum
305 1002 508 1055 insidiatoribus
524 1003 687 1070 supervenit,
704 1019 772 1071 quos
789 1017 853 1053 curn
870 1002 928 1053 Rex
945 1001 979 1053 de
995 1001 1099 1073 Arione

58 1073 235 1141 requisisset,
257 1070 434 1139 illique'enm
452 1077 595 1121 mortuum
612 1071 811 1134 mentirentur,
834 1070 949 1140 produci
965 1069 1099 1122 Arionem

60 1142 156 1206 iussit,
172 1141 246 1210 ipsos
264 1150 357 1192 autem
375 1141 450 1190 cruci
467 1138 565 1205 adfigi,
582 1140 629 1190 sed
645 1139 741 1208 Apollo
758 1147 817 1191 tam
833 1138 995 1208 delphinum
1013 1155 1099 1208 quam

61 1212 199 1262 citharam
224 1211 260 1261 ob
286 1225 412 1262 amorem
435 1209 543 1258 Arionis
566 1207 639 1259 inter
664 1207 754 1261 sidera
776 1207 942 1273 collocavit]
970 1233 1003 1245 -
1055 1213 1098 1268 56.

60 1279 240 1344 Delphinum
260 1296 313 1329 nos
329 1278 392 1329 ideo
410 1275 498 1329 brevis
516 1282 571 1338 est,
587 1275 652 1343 quia
669 1275 778 1328 Graeca
794 1276 940 1328 declinatio
959 1284 1012 1340 est,
1028 1275 1100 1353 sicut
1127 1325 1131 1332 ,

62 1353 102 1415 (Α.
122 1355 175 1411 10,
192 1349 285 1410 397.);
309 1347 435 1397 Arcadas
460 1360 592 1394 accensos
618 1347 737 1397 monitu.
778 1346 851 1396 Nam
876 1345 968 1397 omnia
987 1344 1099 1398 Graeca

41 1417 193 1481 nomina,
218 1433 289 1485 qiiae
312 1413 480 1467 nominativo
504 1412 604 1480 plurali
627 1413 666 1463 Es
691 1413 893 1478 terminantur,
917 1422 947 1465 ut
970 1414 1099 1479 Arcades,

61 1484 223 1555 delphines,
252 1484 385 1548 Naiades,
415 1482 599 1534 accusativum
627 1483 763 1552 pluralem
786 1483 948 1552 corripiunt.
972 1509 1007 1520 -
1054 1489 1110 1543 56..
1164 1490 1166 1495 '

62 1555 184 1624 [Omnia
203 1554 246 1604 vel
266 1555 388 1603 medium
399 1551 457 1620 fiat
473 1568 562 1612 mors:
580 1558 635 1616 aut,
652 1549 741 1603 omnis
758 1559 832 1604 terra
849 1552 991 1618 operiatur
1008 1550 1098 1604 flucti-

62 1623 112 1674 bus
138 1623 282 1686 maximis,
308 1628 339 1672 ut
361 1620 432 1672 nihil
451 1618 486 1670 sit
507 1619 560 1670 nisi
583 1635 676 1684 mare,
700 1629 748 1672 aut
769 1619 894 1672 medium
916 1615 994 1683 χᾶοσε
1022 1635 1037 1670 o
1058 1628 1100 1675 tet

61 1692 140 1744 enim
167 1691 358 1759 conluuionem
383 1687 606 1752 elementorum]
654 1688 745 1741 Viuite
768 1691 876 1753 εἰὶυαις
895 1691 994 1743 ualete.
1034 1638 1098 1742 Mon

62 1762 140 1812 enim
159 1759 233 1811 bene
252 1759 371 1827 optantis
388 1766 444 1821 est,
460 1757 508 1808 sed
524 1755 714 1809 renuntiantis.
731 1786 767 1797 -
801 1763 843 1816 59.
861 1757 1005 1876 ffmeoeps
1023 1760 1100 1810 atrii

62 1829 180 1895 speculo
199 1829 232 1878 de
251 1829 355 1879 incutis
373 1828 405 1877 in
424 1826 516 1876 undas
534 1823 668 1893 Deferat,-
692 1827 760 1878 ordo
783 1836 839 1878 est:
884 1836 997 1894 raeceps
1023 1827 1100 1880 defe-

10 1922 12 1931 ·
63 1916 110 1950 rar
127 1895 265 1969 inundes
282 1896 316 1949 de
332 1895 441 1966 specula
457 1894 526 1945 ae'rii
543 1895 654 1946 montis.
689 1893 809 1962 Quidam
832 1896 885 1947 boe
906 1894 969 1947 ideo
993 1895 1099 1947 dictum
1168 1900 1172 1907 '

10 1972 15 2043 f
61 1973 180 2035 putant,
207 1965 286 2032 quod
309 1964 383 2044 apud
404 1962 642 2043 Leucatenfoliti
665 1973 745 2015 erant
767 1981 795 2017 se
820 1964 1021 2046 praecipitare,
1050 1964 1099 2032 qui

10 2048 12 2056 ’
61 2044 110 2087 aut
127 2049 193 2086 suos
210 2041 338 2100 parentes
355 2049 481 2084 invenire
499 2030 662 2101 cupiebant,
678 2039 726 2082 aut
742 2048 833 2097 amara
849 2033 885 2084 ab
903 2033 945 2084 hia
962 2033 1099 2086 desidera·
1135 2080 1140 2091 ,

10 2584 14 2671 v

10 2778 17 2933 l

19 3532 24 3541 ,
74 3486 128 3543 tes,
159 3478 288 3530 virentes.
337 3474 471 3525 Mascula
496 3472 595 3538 thura,·
624 3492 700 3543 quae
725 3475 754 3526 in
780 3492 827 3527 mo

10 3584 26 3611 Α.
74 3555 143 3600 sunt
166 3569 200 3583 -·
245 3551 290 3604 66.
316 3543 473 3610 Coniugis3
503 3541 577 3609 apud
601 3542 781 3597 Theocritum
811 3559 867 3596 non
893 3545 1031 3610 coniugis,
1061 3543 1111 3597 sed

10 3614 14 3661 l
75 3615 158 3667 alieni
174 3611 373 3666 adulescentuli
390 3626 508 3681 persona
525 3611 633 3676 subest,
656 3615 727 3666 sicut
742 3629 826 3681 supra
843 3613 948 3665 dictum
967 3613 1028 3679 est]
1060 3613 1111 3664 So·

10 3708 12 3731 ;
76 3701 127 3736 nos
151 3700 270 3746 sensus3
293 3680 360 3750 [qui
382 3679 466 3730 modo
490 3679 550 3731 sani
573 3679 667 3745 sunt‚]
686 3681 710 3737 i.
726 3699 749 3733 e.
773 3698 831 3734 non
855 3690 989 3734 amantes.
1031 3681 1111 3736 Unde

10 3766 13 3795 ³
75 3760 171 3804 contra
187 3758 314 3804 amantes
337 3749 447 3800 insanos
469 3763 606 3800 vocamus.
640 3741 777 3818 [Magicis
795 3753 901 3817 sacris,
924 3750 1023 3820 quihus
1046 3751 1113 3803 alic·

76 3830 176 3873 nentur
193 3819 281 3872 animi
298 3817 419 3886 quadam
436 3816 563 3868 violentia
583 3817 618 3868 ab
635 3817 694 3883 his,
710 3819 758 3888 qui
775 3834 874 3872 eorum
891 3836 972 3874 usum
989 3817 1115 3887 babent]

61 2104 148 2169 bant,
174 2118 242 2171 quos
265 2099 417 2166 amabant]
432 2127 468 2139 -
507 2105 551 2157 60.
568 2098 728 2152 Extremum
753 2101 805 2153 hoc
828 2119 934 2152 munus
951 2103 1099 2154 morientia

63 2172 182 2235 habct03
210 2169 228 2222 i.
246 2191 269 2223 e.
286 2171 391 2222 moriar
407 2170 438 2221 in
454 2169 586 2220 invidiam
602 2177 688 2222 tuam.
722 2162 908 2224 Nam‘amare
925 2170 964 2222 ait
980 2169 1100 2224 Munus.

61 2241 106 2292 Sie
122 2240 280 2291 Mezentius
298 2241 336 2306 (A.
356 2246 407 2304 to,
422 2237 509 2298 out-l:
528 2237 559 2288 Et
576 2235 643 2288 haec
660 2239 715 2291 tibi
731 2252 811 2307 porto
829 2238 914 2291 Dona
932 2241 1030 2307 prius.-
1047 2236 1101 2308 [val
1180 2266 1184 2287 t

63 2318 226 2362 extremum
249 2308 302 2359 hoc
324 2323 424 2360 mimus
448 2321 543 2357 meum
565 2305 683 2370 habeto,
714 2309 786 2375 quod
816 2307 950 2373 marion]
973 2335 1008 2346 -
1054 2314 1100 2366 62.

64 2378 154 2446 [Haec
174 2377 306 2441 Dumon5
324 2378 400 2429 deest
416 2377 504 2438 dixit,
519 2374 698 2440 vel-cecinit]
713 2403 749 2415 -
782 2383 826 2434 63.
843 2376 939 2428 Dicite
958 2376 1100 2442 Pieridssp
1181 2380 1183 2384 '

64 2447 137 2500 bene
156 2447 264 2499 animos
282 2445 364 2515 erigit
379 2445 550 2497 auditorum:
567 2440 696 2496 dicendo:
713 2442 862 2514 Superiora
877 2453 1013 2513 utcunque
1027 2447 1101 2500 dicu

64 2525 143 2576 sunt;
170 2514 325 2582 sequentia,
349 2513 459 2566 nonnisi
477 2530 493 2564 a
510 2512 669 2565 numinibus
685 2521 817 2581 poterunt
834 2513 982 2582 explanari.
1029 2515 1101 2568 Sane

64 2586 104 2636 ita
126 2583 264 2636 debemus
287 2583 414 2650 accipere
437 2589 561 2648 pastores
584 2580 635 2633 hos
657 2584 778 2646 referre,
795 2584 875 2648 ¹‹iutid
899 2583 1045 2651 aliquando
1069 2583 1101 2636 in

10 2690 12 2703 .
64 2653 184 2705 Ancadia
201 2650 355 2704 audierunt.
389 2651 467 2701 Unde
484 2656 512 2701 et
528 2650 652 2715 superius
675 2652 727 2702 ait:
751 2651 850 2718 incipe
867 2651 1030 2717 Maenalios
1047 2669 1100 2702 ms-

66 2739 130 2772 cum
150 2741 211 2772 men
229 2722 300 2771 tibia
317 2737 432 2784 versus,
457 2718 494 2785 [i.
510 2735 533 2769 e.
552 2718 714 2783 Arcadicos]
751 2718 817 2772 Non
836 2723 932 2773 omnia
950 2737 1101 2786 possumus

67 2809 182 2854 omnes,·
199 2791 239 2841 sic
252 2791 351 2841 Cicero
369 2795 431 2856 (pro
443 2787 579 2838 Muraena
597 2786 667 2852 ωε
687 2787 780 2838 Unum
793 2791 932 2841 sustinere
950 2791 998 2840 vix
1016 2789 1103 2856 pauci
1134 2784 1148 2815 ·”

67 2872 206 2926 possuntt,
231 2871 379 2926 utrumque
404 2873 492 2906 nemo.
515 2881 550 2893 —
594 2859 636 2913 64.
662 2856 755 2927 [Effer
779 2876 900 2926 aqunm;
927 2857 972 2908 hic
997 2857 1104 2910 inducit
1146 2921 1149 2927 Ι

67 2929 233 2992 midierem,
256 2927 340 2978 sacris
358 2925 522 2995 quibusdam
545 2935 751 2991 pervertentem
774 2934 898 2980 mentem
915 2927 1063 2993 amatoris,
1078 2940 1122 2979 -u‘

68 3015 123 3066 quo
147 2996 339 3066 spernebatur.
374 2993 460 3045 Molli
477 2995 563 3060 υἱῆας
587 2993 802 3049 laneascilicet.
819 3023 852 3033 -
886 3001 930 3053 65.
952 2996 1104 3047 Verbanus-

70 3084 137 3134 que;
155 3065 294 3118 verbenae
311 3063 439 3116 dicuntur
455 3061 574 3130 virgulta
590 3079 661 3130 quaa
678 3080 788 3136 semper
804 3065 894 3116 virent
910 3063 1022 3116 iucundi
1040 3065 1106 3116 odo·

70 3136 115 3186 ria.
149 3134 204 3187 Alii
221 3134 354 3188 uerbenas
371 3129 489 3198 virgulta
512 3131 640 3198 religioni
658 3140 730 3199 apta.
764 3132 816 3184 Alli
838 3133 951 3201 proprie
970 3126 1107 3186 olivarum

71 3218 174 3255 ramos.
206 3202 282 3252 Nam
304 3201 368 3252 ideo
386 3207 416 3251 et
432 3200 553 3265 pingues
578 3201 631 3265 ait,
655 3201 778 3268 qviamvis
801 3203 854 3252 hoc
872 3202 951 3254 etde
968 3202 1059 3269 palma
1078 3209 1108 3254 et

72 3272 105 3323 de
122 3273 203 3323 lauro
221 3270 277 3322 dici
294 3270 386 3337 possit.
419 3267 473 3319 Alii
496 3282 592 3320 rorem
608 3271 751 3323 marinum
768 3268 877 3333 dicunt,
901 3271 994 3323 omnio
1011 3280 1107 3335 tamen

71 3339 141 3391 haec
165 3354 182 3388 a
205 3336 343 3390 viriditate
366 3335 504 3388 verbenae
528 3337 726 3406 appellantur.]
768 3337 869 3401 Aetola
883 3339 1028 3403 incende,
1058 3338 1108 3394 scd

74 3403 131 3462 κατ’
157 3403 331 3476 εὖφημισμόν
348 3405 463 3469 dicitur,
479 3421 546 3456 natu
564 3407 643 3458 adole
661 3415 796 3474 estange.
829 3406 981 3526 {Pinguem
1006 3408 1110 3460 floren·

748 3477 751 3483 ’
848 3491 895 3527 um
918 3477 1110 3529 testiculorum

76 3892 201 3941 Avertere
218 3896 330 3952 autem,
353 3904 370 3937 a
385 3885 503 3936 sandeta
520 3894 643 3940 mutare:
666 3894 854 3941 antevertere
872 3889 926 3951 ait,
943 3896 1114 3957 pervertere,
1146 3913 1152 3919 ·

10 3964 13 3971 '
76 3967 105 4009 ut
127 3960 164 4011 sit
186 3964 296 4010 mutata
319 3952 502 4025 praepositio,
526 3955 586 4032 [aut
603 3961 679 4007 certe
701 3955 731 4009 in
750 3971 796 4007 ma
814 3965 982 4008 convertere.
1000 3981 1034 3992 -
1068 3961 1114 4014 6¹7.

10 4068 12 4073 .
74 4026 229 4094 Expertum
251 4022 502 4095 eoam-probem,
525 4022 668 4093 incipiam.
701 4023 808 4079 Sensus
814 4049 826 4092 ,·
848 4025 902 4078 hoc
919 4033 962 4081 est
977 4024 1115 4098 animuin,
