2430 4620
133 295 179 358 20
393 288 530 355 ssuvu
553 289 910 385 couuaursnius

139 477 225 531 umis
243 477 316 528 inter
331 492 360 527 se
377 475 562 540 decertarunt,
577 475 671 556 ibique
686 477 722 529 ad
739 479 906 530 memoriam
924 475 1041 530 invicem
1054 492 1084 530 se
1102 474 1179 529 occi·
1205 524 1208 529 ,

140 551 236 600 dentes
258 544 370 615 sepulti3
393 561 464 612 quae
487 562 532 597 res
556 545 768 598 adunationem
790 547 875 599 linbet
897 547 989 611 illem,
1012 564 1066 615 qus
1084 547 1107 597 si
1126 546 1179 617 qui

141 618 196 670 duo
213 615 286 666 inter
303 615 391 681 ipum
407 614 503 664 silvam
520 622 633 681 spernes
650 614 718 678 iter,
743 631 799 665 urm
816 615 922 686 inipetu
939 617 982 669 vel
998 615 1097 667 eodeni
1114 630 1178 665 mo·

140 693 237 737 mento
252 699 313 735 saxa
331 682 475 734 adversum
499 680 624 750 sepulcra
646 682 777 747 iecerint,
798 683 825 733 vi
847 683 940 737 nescio
984 701 1018 735 ua
1035 701 1099 735 sara
1116 684 1179 755 ipsa
1200 702 1208 711 “

141 760 270 823 separate
292 752 328 804 ad
351 750 477 817 sepulcro
501 752 608 817 singula
632 750 770 802 decidunt
791 778 823 788 -
863 756 926 809 249.
980 770 1067 802 urseris
1093 770 1176 819 proe-

134 825 280 893 jerimus,·
304 820 403 870 utillo
426 820 668 869 sutentationem
690 820 823 870 auxilium
843 821 1003 901 impetrent.
1028 837 1075 857 -·
1113 826 1178 878 250.

144 894 206 960 Qui
231 891 333 941 bellum
359 887 521 946 intulerim
551 888 628 954 quasi
657 889 805 939 nominetis
828 889 957 942 Troianis
979 906 1048 957 quos
1073 888 1179 941 vicerat

142 960 256 1031 pronior
274 961 381 1009 iuturus
398 963 467 1007 esset
484 955 518 1005 ad
535 957 682 1007 ieremluui
701 957 841 1009 auxilium.
855 985 888 996 -
921 965 983 1016 251.
1002 958 1118 1009 l'lucido
1132 958 1176 1009 sis

143 1029 266 1081 reddidit
292 1044 353 1087 ore,
386 1032 416 1072 ut
439 1023 508 1073 solet
536 1023 662 1075 lisihitmu
689 1028 797 1076 loturae
822 1027 953 1079 orationis
977 1024 1118 1090 ostendit]
1140 1050 1178 1063 -

141 1106 204 1155 952³.
224 1096 249 1145 Ο
262 1094 429 1162 sortuiotoe
446 1105 557 1157 gestes,
581 1093 627 1160 qui
644 1092 774 1144 habitatis
792 1110 879 1163 regua
896 1096 1035 1159 Saturnia,
1056 1094 1075 1145 i.
1094 1113 1134 1159 e.‚
1157 1108 1177 1145 ο

142 1166 194 1215 viri
211 1179 321 1229 semper
339 1178 407 1230 pace
426 1170 583 1225 gaudentes.
616 1161 690 1211 Nam
713 1162 830 1232 legimus
848 1170 890 1229 (8,
907 1162 993 1224 3243:
1019 1166 1177 1231 Aureaque,
1210 1196 1214 1205 ·

144 1248 175 1283 nt
192 1233 236 1298 (al.
253 1248 340 1280 nureo
359 1232 439 1296 puae)
455 1228 614 1297 perhibent,
632 1231 682 1282 illo
702 1232 753 1281 sut
773 1250 834 1299 rege
845 1231 1117 1300 fueruntSneoulo,
1132 1232 1177 1283 sio
1199 1262 1205 1277 ·

141 1302 255 1368 placido
274 1299 393 1366 populos
412 1302 441 1347 in
459 1315 525 1362 poce
544 1300 661 1365 regebat.
695 1300 732 1349 Et
747 1298 819 1352 bene
837 1301 890 1352 hoc
913 1300 1021 1363 laudet,
1044 1300 1120 1368 quod
1136 1298 1177 1353 eis
1208 1306 1212 1317 ¹

162 1370 309 1422 ersundere
326 1366 469 1418 desiderat.
486 1394 522 1403 —
556 1374 617 1424 253.
635 1368 753 1435 Antiqui
770 1372 895 1421 Ausonii
900 1393 911 1436 ,-
935 1369 1000 1437 quie
1017 1369 1065 1438 qui
1089 1366 1177 1435 prinei
1201 1388 1205 1409 ι

141 1390 251 1490 ltaliam
267 1442 425 1498 tenuerunt,
441 1436 647 1487 Ausouesdicti
664 1445 734 1488 sunt
769 1436 903 1503 Quiesos5
920 1438 1018 1507 quibus
1035 1445 1078 1488 est
1094 1452 1178 1489 amor
1211 1456 1214 1461 ’

143 1509 218 1579 pacis
242 1525 260 1558 a
282 1503 436 1556 maioribus
458 1504 574 1555 traditus
601 1520 651 1575 pro
670 1512 715 1556 ter
744 1522 863 1575 reguum
886 1506 1004 1559 Saturni.
1027 1522 1078 1543 -·
1112 1502 1176 1564 254·
1201 1502 1210 1569 ,’

144 1581 246 1644 Ignoto
264 1577 398 1626 lacessere
416 1572 504 1637 belln;
529 1573 633 1625 seilicet
649 1523 850 1625 lroianorrrrrr:
875 1592 930 1627 uon
948 1574 1042 1625 omitia
1059 1588 1177 1642 genere·
1197 1570 1215 1634 ὐ

142 1646 207 1698 liter
230 1643 310 1695 belle.
351 1642 423 1692 Nom
446 1641 562 1706 legimus
584 1648 632 1707 (7,
657 1646 749 1705 tw:
778 1642 891 1711 Captivi
919 1643 1038 1711 pendens
1063 1658 1178 1709 curros,
1198 1652 1215 1671 ”

144 1706 300 1777 orariosque
325 1727 450 1760 secures:
474 1713 539 1778 [out
563 1712 676 1777 ignoto,
699 1729 770 1778 quoe
793 1712 995 1780 ignoraverint,
1017 1710 1095 1779 quusi
1119 1726 1178 1763 non

143 1781 310 1850 sssscepturi,
332 1778 354 1829 si
377 1777 514 1842 scissent]
558 1779 661 1828 Suadet
684 1786 794 1844 utitem,
821 1784 901 1832 uotis
925 1780 1062 1832 subaudis.
1102 1780 1178 1831 Nam
1211 1787 1215 1840 i

144 1853 206 1920 [vos
224 1870 240 1903 n
257 1845 445 1916 superioribus
471 1846 607 1897 :obaudiri
631 1862 686 1897 uon
706 1856 808 1915 potest,
830 1850 906 1917 quin]
931 1854 986 1899 uoti
1010 1854 1101 1919 potest
1121 1846 1178 1901 diei
1211 1847 1215 1884 ²

144 1920 250 1971 suadeo
267 1930 316 1981 ἐι,
339 1915 386 1966 sed
411 1915 470 1964 sibi.
487 1942 522 1951 -
563 1922 623 1973 255.
646 1914 669 1961 V
669 1918 839 1982 iotselmus,
862 1917 941 1986 qumi
962 1932 1060 1969 tectos.
1101 1915 1205 1995 Naresh

145 1990 255 2039 violare
272 1987 307 2038 de
324 1983 457 2050 religiosis
475 1983 557 2033 rebus
573 1985 697 2035 dicimus.
731 1986 767 2035 Et
782 1986 887 2053 ingenti
906 1992 965 2038 arte
981 1985 1054 2055 agit,
1075 2002 1113 2037 ne
1127 1990 1178 2037 out
1195 1986 1211 2087 p*

144 2058 288 2108 victoriam
306 2070 386 2103 suam
402 2051 495 2115 silent,
518 2060 638 2103 autnon
656 2054 830 2122 procedendo
848 2064 945 2108 contra
963 2070 1026 2120 eos,
1049 2069 1118 2121 qrros
1139 2050 1178 2113 viz

155 2126 199 2190 it,
222 2123 385 2175 confitentur
409 2118 561 2187 ignaviam,
584 2120 693 2186 dicens,
717 2139 772 2173 urm
798 2141 856 2175 esse
874 2134 969 2175 contre
988 2139 1034 2173 eos
1052 2138 1177 2191 pugnen-
1202 2132 1210 2175 ;

144 2144 228 2257 dum,
252 2207 320 2261 quos
344 2187 453 2239 vincere
477 2188 738 2256 perniciosissimsun
762 2199 811 2243 est.
833 2219 866 2229 -
913 2198 974 2251 256.
997 2192 1099 2258 [Mitto
1125 2208 1176 2257 eo·
1197 2186 1211 2243 ’·.

145 2263 283 2321 oratorie,
308 2267 337 2308 ut
354 2256 440 2308 etium
456 2258 515 2307 sine
531 2256 583 2307 illis
601 2274 671 2324 quem
688 2268 893 2311 memoraturus
911 2268 965 2323 est,
987 2276 1057 2327 quae
1075 2232 1179 2311 omisul

144 2331 271 2412 graviora
295 2321 456 2388 videamus]
479 2351 514 2361 -
562 2332 622 2382 257.
655 2326 733 2393 Quos
755 2328 860 2379 Simois
882 2331 983 2395 premit
1007 2330 1055 2378 ille
1080 2330 1177 2393 viros3
1197 2318 1211 2405 l

145 2417 163 2451 1.
188 2418 226 2462 e.,
248 2406 306 2447 toto
331 2394 399 2444 orbe
422 2392 551 2444 celebris.
576 2396 620 2461 [et
642 2400 756 2461 premis,
779 2397 858 2465 quasi
880 2394 992 2462 hostes]
1032 2396 1105 2447 Alibi
1129 2397 1178 2463 [iu
1202 2408 1210 2455 ἰ

144 2464 249 2535 primo]
266 2464 364 2533 (100.):
390 2460 446 2510 Ubi
464 2473 503 2511 tot
519 2461 623 2512 Simois
641 2478 768 2532 correpto
787 2467 839 2515 sut
867 2466 952 2516 undis
970 2464 1053 2515 Scuto
1073 2467 1178 2531 virum,
1200 2460 1212 2489 '‘

144 2538 311 2603 galeasque,
336 2544 361 2581 et
380 2529 472 2598 fortia
492 2546 608 2597 corporo
626 2534 721 2583 volvit.
753 2534 818 2602 [Alii
836 2551 906 2601 quos
925 2550 975 2604 pro
993 2545 1115 2599 quaestor
1131 2550 1178 2584 ao·-

144 2604 264 2674 cipiunt,
287 2610 318 2651 ut
334 2601 369 2650 sit
386 2613 538 2666 pronomen
557 2602 746 2665 pronomine.
783 2601 832 2651 llle
850 2612 943 2654 etitem
966 2604 1038 2653 mire
1054 2618 1178 2653 exsecra·
1197 2612 1209 2657 ἔ

143 2671 210 2737 tun]
226 2699 260 2708 -
294 2674 357 2727 258.
375 2667 512 2717 Scelerum
529 2685 634 2733 poenus
653 2670 835 2735 expendimus
852 2688 964 2733 omnes,·
988 2670 1178 2735 i.¹e.,luimtts

144 2756 241 2792 omnes
259 2754 375 2808 poenas,
393 2751 463 2803 qliae
481 2743 543 2785 sunt
559 2744 676 2789 statutae
692 2738 848 2789 sceleribus.
881 2741 933 2792 Alii
946 2740 1063 2790 Sceleris
1082 2740 1178 2791 oannis
1195 2746 1209 2799 .ζ

143 2810 255 2877 legunt3
278 2822 344 2856 nasu
374 2820 469 2856 ornnes
493 2816 547 2854 non
577 2814 666 2874 potest
688 2806 723 2857 ad
747 2806 870 2859 Graecos
893 2808 1007 2873 referri,
1030 2807 1094 2876 quin
1120 2822 1178 2859 tion

144 2893 241 2928 omnes
258 2875 396 2946 pertulere
413 2871 552 2941 supplicia.
586 2874 649 2940 [Sed
666 2876 688 2925 si
707 2892 817 2941 omnes,
842 2876 926 2941 mire,
950 2894 986 2928 ne
1028 2883 1087 2927 utes
1105 2878 1178 2929 lorte
1197 2884 1210 2933 ,’,·

144 2948 264 3008 luctum,
285 2952 315 2996 et
338 2943 522 2993 adiuvandum
545 2943 797 3009 pronunciatione]
817 2970 851 2981 -
899 2950 961 3004 259.
1011 2946 1036 2997 el
1062 2944 1176 2995 Priamo
1202 2942 1207 3003 ζ

147 3014 309 3063 miserando
330 3028 448 3073 munus3
467 3011 549 3059 etium
570 3008 689 3062 Priamo.
726 3012 760 3061 Ut
777 3014 817 3078 (E.
834 3018 866 3078 8,
882 3015 951 3075 59.):
979 3013 1115 3064 Carmina
1135 3004 1211 3087 od]

146 3084 221 3132 coelo
241 3091 360 3146 possunt
377 3080 509 3135 deductu
534 3078 641 3128 tonnus.
676 3081 724 3129 Est
746 3089 840 3132 etitem
863 3081 973 3133 Pacuvii
996 3083 1045 3151 qui
1067 3080 1178 3133 aits'Si
1203 3120 1206 3125 ,

147 3149 280 3199 Priamus
299 3149 423 3211 adesset,
446 3158 472 3197 et
490 3152 548 3208 ipse
566 3148 628 3196 eius
647 3150 901 3202 commiserescens.
937 3151 975 3218 [Ι.
992 3169 1031 3214 e.,
1051 3157 1083 3199 ut
1105 3150 1178 3203 celit-
1193 3148 1213 3213 'f

146 3218 228 3269 mitas
245 3232 344 3269 eorum
362 3214 410 3284 qui
425 3214 549 3266 vicerunt
564 3213 672 3279 gravior
695 3217 856 3270 crederetur
873 3217 1065 3270 miserentibus
1082 3214 1179 3285 vietis]
1200 3196 1209 3267 i

147 3286 205 3336 Scis
221 3287 300 3336 trisse
319 3284 465 3334 Minervae
482 3281 584 3344 Sidus,-
608 3283 701 3335 fabula
725 3284 779 3334 hoc
802 3286 901 3352 liniret,
923 3294 1036 3356 propter
1060 3287 1177 3339 Cassan·
1198 3310 1208 3351 ’,-

145 3356 213 3406 drae
238 3362 379 3421 stuprum,
401 3349 515 3401 Graecis
538 3348 639 3400 iratam
656 3353 826 3404 Minervam:
849 3356 890 3406 vel
914 3357 988 3424 quod
1010 3354 1035 3406 ei
1059 3355 1205 3421 victores„

147 3439 196 3493 per
214 3421 372 3489 superbiam
389 3419 544 3469 sacrificare
561 3419 715 3471 uoluerunt
751 3421 827 3473 [lide
844 3440 889 3474 eos
913 3424 1058 3476 redemitus
1075 3418 1209 3491 gravis-‘2¹

144 3493 217 3541 sium
240 3497 403 3559 tempestate
426 3487 553 3552 fatigatos
576 3502 627 3553 per
649 3490 753 3540 diversa
771 3489 907 3557 dispersit.
937 3492 1079 3543 Horatius:
1104 3492 1176 3543 Corn

149 3559 243 3609 Palios
262 3571 322 3608 usto
342 3559 423 3607 uertit
441 3558 511 3606 iram
532 3556 566 3603 oli
586 3557 648 3606 llio.
683 3558 724 3609 lle
749 3574 813 3609 vern
831 3568 923 3610 utitem
941 3567 1063 3623 corsstst,
1087 3558 1207 3625 Grae-'l'¹

146 3643 194 3676 cos
215 3634 379 3695 tempestate
401 3624 538 3676 laborasse
563 3626 735 3690 aequinoctio
758 3628 875 3691 veritali,
899 3629 1007 3694 quando
1025 3629 1199 3693 itreuulsiaej

146 3696 326 3759 Mineruales,
355 3695 373 3744 i.
403 3712 427 3744 e.
456 3689 587 3754 fulmina,
617 3701 791 3762 tempestates
821 3697 992 3763 gravissimas
1021 3706 1177 3751 comerent.

147 3764 225 3815 lirule
242 3764 330 3833 perite
347 3761 463 3812 dicendo
478 3760 570 3822 sidus,
586 3767 735 3829 utrumque
751 3765 907 3835 complexus
923 3772 971 3816 est.
1004 3766 1076 3816 Nam
1092 3766 1176 3817 sidus
1204 3773 1215 3822 i

145 3841 176 3884 et
191 3839 385 3901 tempestatem
403 3829 553 3895 siguificat:
572 3834 647 3880 etse
666 3847 727 3881 vero
744 3831 825 3883 sidus.
859 3833 932 3884 Haec
946 3841 1039 3885 autem
1057 3835 1176 3887 nusuiutt
1198 3862 1206 3873 ·

146 3917 219 3965 quae
236 3903 308 3950 inter
324 3897 414 3948 sidera
432 3914 485 3947 non
504 3893 639 3960 videmus,
663 3898 727 3950 licet
744 3916 792 3951 sua
815 3902 892 3968 signa
915 3903 1028 3968 propria
1051 3919 1107 3955 uon
1125 3904 1174 3955 im·
1190 3898 1212 3953 'l'

146 3968 244 4028 borist,
268 3983 331 4016 curn
350 3965 408 4015 eliis
425 3970 558 4031 potestate
582 3974 644 4014 sunt
663 3968 809 4032 permixta:
834 3977 864 4019 ut
881 3969 1040 4036 Ophiuchus
1057 3972 1116 4040 ipse
1132 3978 1176 4025 eet
1207 3997 1215 4002 ··

142 4033 401 4104 AesciilnpiilGuolf.
410 4033 711 4098 lllvaueutapmst.
744 4036 867 4104 Gemini,
883 4038 1014 4106 Apollinis
1026 4046 1059 4090 et·
1067 4042 1190 4113 Hercu-3

1195 3588 1214 3719 ψει-ο·-
