2430 4620
129 270 174 335 62
387 262 529 328 suuvn
552 263 907 329 COMMENTARIUS

129 459 173 506 en
195 450 317 506 dictunu
331 442 447 503 'Aeneae
469 477 505 494 -
545 456 606 508 113.
629 450 754 522 [Postera
778 454 828 504 oi:
852 468 993 519 summos,-
1017 451 1111 506 deccri
1144 453 1151 468 ⁸

129 521 265 596 temporit
282 519 353 587 quod
371 518 483 571 Turnus
503 521 687 589 praefinierat.
705 549 740 559 -
782 525 842 580 itt
862 521 931 572 Cum
948 525 1076 588 primum
1095 543 1113 573 a
1126 537 1154 577 to

129 591 197 660 quia
213 606 258 642 rea
276 587 452 659 perturbatae
469 597 613 640 secutruae
637 600 715 654 sunt,
742 589 817 641 diem
834 607 943 658 quoque
967 608 1034 643 cum
1058 595 1154 647 fervat

131 660 200 711 oriri
216 657 301 722 iecit]
318 684 352 694 -·
389 663 449 714 115.
466 655 624 723 Laremque
641 660 724 709 elatis
743 661 864 709 naribus
880 677 895 708 ι
903 659 998 726 fluum
1023 661 1154 713 Ennimtt

129 744 221 780 versus
238 734 280 779 est
301 726 398 778 ordine
416 734 594 777 commutato.
630 728 678 778 llle
696 727 773 779 enim
795 729 848 779 ait:
871 727 1066 796 lunduntque
1085 728 1154 782 elc'tt

131 798 252 848 naribus
277 797 383 856 lucem,-
407 804 436 846 et
458 796 614 857 sciendum,
637 795 881 863 uunquam'diem
904 797 943 847 sic
968 806 1100 864 patenter
1120 798 1154 853 du

129 866 268 933 scripsisse
292 864 452 926 Vireilium,
481 863 562 931 [siaiu
585 864 613 914 in
637 874 736 930 quarto
762 866 843 931 (522.)
867 873 994 931 noctem,
1020 866 1071 918 ubi
1095 866 1154 919 Di·

128 933 293 1004 pervigilans
309 931 461 997 deliberat]
482 957 514 969 -
549 937 609 990 116.
628 932 763 998 Campum
782 935 819 983 nd
842 947 997 1001 certamen,
1023 942 1098 986 totus
1119 935 1154 991 h

130 1006 165 1057 de
188 1001 346 1055 foederibus
375 1001 450 1052 locus
474 1001 508 1052 de
532 1001 655 1051 Homero
679 1003 825 1053 trauslatus
855 1010 911 1068 est,
938 1003 988 1054 ubi
1013 1003 1154 1059 Aleunss

129 1069 227 1142 [Paria]
257 1086 322 1120 cum
352 1070 481 1122 Menelao
509 1070 642 1136 singulari
671 1079 712 1123 est
740 1072 895 1123 certamine
918 1071 1108 1124 dimicaturus.

130 1148 192 1200 117.
209 1139 344 1190 Dimensr'
360 1138 516 1204 Rutulique
534 1141 609 1203 viri,·
633 1139 707 1190 inter
724 1157 753 1191 se
778 1156 829 1207 per
845 1147 922 1191 certa
938 1140 1029 1210 spatia
1045 1140 1149 1194 und·

129 1217 187 1274 tes,
211 1225 282 1277 quae
300 1207 415 1275 quisque
438 1207 499 1258 loca
516 1215 661 1289 pingeret:
685 1215 713 1259 et
735 1208 789 1259 hoc
811 1208 874 1258 loco
896 1208 1057 1272 sciendum,
1079 1210 1154 1265 Far,

128 1278 224 1330 lucum
249 1285 373 1328 evertere
391 1275 514 1333 Troiani.
548 1275 626 1328 Unde
645 1284 685 1328 eat
701 1277 793 1346 [patilo
811 1274 884 1343 post]
902 1278 998 1342 (770.):
1022 1278 1077 1330 Sed
1100 1291 1154 1331 ct·

129 1365 191 1415 pem
209 1345 314 1396 Teucri
332 1344 410 1397 nullo
430 1344 596 1396 discrimine
614 1362 727 1396 snorum
745 1344 940 1410 sustulerant,
961 1365 1035 1411 puro
1055 1359 1087 1398 ut
1101 1365 1154 1416 pt

131 1427 193 1466 sent
216 1431 381 1466 concurrere
399 1431 505 1479 campo.
523 1439 558 1450 —
600 1420 659 1470 1111
678 1414 782 1475 Focos,
805 1414 937 1482 quiequid
962 1416 1062 1483 ignem
1085 1417 1154 1470 ior«

147 1500 214 1536 ocus
231 1491 357 1546 vocatur,
379 1484 434 1534 me
452 1499 502 1533 ara
516 1482 565 1546 sit,
588 1483 642 1533 sivo
660 1482 726 1550 quid
743 1483 816 1534 alirrd
833 1483 863 1534 iu
880 1498 934 1548 quo
961 1484 967 1495 '
990 1485 1031 1536 nis
1049 1486 1154 1537 foreste

127 1484 216 1622 {Sicut
231 1552 261 1603 in
277 1551 359 1602 tertio
377 1550 458 1615 (13.1.)
475 1551 580 1604 dictum
596 1559 651 1616 est,
667 1560 762 1603 temen
780 1558 808 1603 et
823 1551 870 1602 bic
886 1551 917 1602 in
933 1566 971 1619 pu
992 1555 1046 1606 lico
1063 1569 1154 1607 scete

130 1623 175 1673 cio
193 1620 321 1686 ostendit,
338 1636 404 1671 oum
421 1623 482 1670 uris
500 1620 585 1672 etiam
597 1620 682 1688 focos
699 1628 834 1686 sacratos,
851 1636 918 1672 nam
936 1620 989 1672 ait:
1008 1623 1045 1673 ln
1061 1640 1154 1674 men.

131 1707 185 1758 quc
202 1688 288 1758 socos
312 1702 336 1740 et
361 1691 420 1739 diis
445 1691 641 1740 communibus
666 1707 749 1754 eras,
772 1697 801 1741 et
822 1697 883 1758 post
905 1689 1044 1745 subtexuit
1066 1695 1154 1758 (m

131 1759 314 1824 craterasque
326 1759 463 1826 focosque
475 1758 591 1877 {eruum
619 1772 743 1810 crateras
759 1758 876 1823 scilicet,
900 1758 1000 1826 quibus
1021 1760 1154 1812 libare

122 1828 210 1898 focos
227 1843 307 1891 vero,
329 1829 365 1879 ad
389 1841 457 1894 qnos
490 1826 635 1895 ogitimum
659 1826 825 1879 sacrificium
843 1826 1017 1894 perfecerat]
1050 1829 1086 1879 Et
1101 1847 1154 1878 ιη

129 1898 326 1948 communibus
352 1912 435 1961 aras‚·
461 1897 504 1947 dit'
529 1911 689 1948 communes
712 1903 789 1959 sunt,
819 1902 850 1945 ut
873 1894 1055 1964 alii-dicunt,
1075 1897 1154 1948 Ma

129 1965 259 2029 Bellona,
281 1965 417 2017 Victoria:
444 1965 509 2033 quia
532 1963 562 2015 hi
579 1965 609 2016 in
626 1965 697 2016 bello
716 1965 825 2032 utrique
842 1964 915 2031 parti
932 1973 1046 2032 possunt
1061 1967 1154 2021 farer

128 2034 166 2085 Ut
181 2041 276 2087 autem
292 2033 397 2084 altioris
413 2034 543 2086 scientiae
560 2033 718 2087 hominibus
736 2033 833 2103 placet,
849 2034 896 2083 dii
913 2050 1075 2085 communes
1090 2046 1154 2087 uu

130 2102 178 2172 qui
195 2097 309 2165 ἇζωνοι,
333 2103 476 2166 dicuntur,
499 2102 517 2153 i.
536 2119 559 2152 e.
584 2102 632 2170 qui
654 2102 724 2153 coeli
746 2109 835 2153 certas
858 2116 914 2153 non
939 2101 1154 2383 habent}

128 2172 176 2224 ced
193 2171 359 2238 generaliter
378 2188 394 2222 a
410 2171 515 2221 eunctis
531 2170 665 2222 coluntur.
701 2171 809 2238 Ubique
834 2170 910 2222 enim
928 2186 974 2220 eos
992 2187 1054 2225 esse

127 2239 231 2293 festum
248 2247 302 2293 eat:
316 2249 355 2290 ut
371 2239 463 2291 Mater
480 2239 577 2304 deun,
601 2239 679 2291 euius
694 2246 813 2306 potestas
829 2237 859 2288 in
876 2239 1004 2291 omnibus
1021 2241 1097 2292 aonia
1124 2244 1128 2251 “

127 2309 201 2361 Nam
224 2310 286 2361 ideo
311 2316 339 2360 et
354 2307 447 2360 Mater
463 2309 545 2359 deum
563 2307 677 2372 dicitur,
701 2309 775 2376 quod
798 2323 863 2357 cum
888 2308 1017 2373 omnibus
1040 2317 1083 2360 est
1115 2308 1122 2323 '

112 2380 282 2439 eommunis
299 2384 425 2444 potestas.
458 2376 510 2427 Alii
529 2393 690 2427 communes
707 2379 772 2429 deos
789 2376 896 2440 volunt,
919 2376 1026 2442 Solem,
1044 2377 1068 2427 L
1131 2378 1152 2411 Ἰ

81 2441 86 2451 ’
126 2445 287 2510 Plutonem,
309 2445 439 2496 Martem.
475 2444 511 2495 Hi
534 2446 609 2498 enim
626 2443 700 2512 apud
717 2460 812 2498 ornnes
829 2444 955 2496 homines
974 2445 1070 2498 inveni
1152 2444 1154 2449 ’

127 2521 155 2566 et
171 2523 234 2566 sunt
250 2516 279 2566 in
296 2515 424 2566 omnibus
439 2512 529 2565 terris.
558 2515 642 2565 ¹Prior
659 2521 754 2571 tamen
768 2529 861 2566 sensus
879 2521 907 2564 et
923 2513 1039 2581 simplex
1058 2522 1111 2582 est,

125 2583 215 2651 magis
239 2591 318 2653 aptus
341 2581 513 2651 negotio.·—
554 2589 614 2641 119.
638 2585 711 2633 Aras
736 2583 914 2650 graminens3
938 2578 1061 2636 Romani
1093 2580 1097 2597 ¹
1117 2580 1137 2598 “’

126 2651 213 2703 'moris
235 2654 327 2704 fuerat
349 2651 480 2721 cespitem
504 2668 569 2704 arae
594 2669 676 2722 super
700 2651 861 2718 imponere,
884 2659 912 2703 et
934 2652 973 2706 ita
996 2646 1154 2777 saer-iffi

128 2719 298 2772 Gramineus
322 2729 415 2773 autem
438 2718 517 2786 ideo,
541 2722 605 2789 qnia
629 2729 657 2773 et
679 2719 803 2771 debello
828 2736 873 2770 res
897 2721 1004 2788 agitur,
1029 2729 1059 2774 et
1135 2778 1138 2783 ,

125 2789 301 2855 sacrificatur.
313 2790 362 2840 =cui
380 2805 496 2858 granmn
513 2797 553 2840 est
569 2796 760 2841 consecratum
767 2805 777 2838 τ·
791 2787 865 2856 quod
875 2788 1027 2840 secundum
1040 2789 1154 2845 Pliatua

124 2857 156 2909 in
172 2858 297 2910 Naturali
314 2859 434 2911 Historia
451 2875 482 2908 ex
500 2858 622 2910 humano
639 2873 738 2911 cruore
755 2864 923 2926 procreatur.
960 2857 1086 2911 Gramen
1110 2870 1154 2913 ani

124 2934 184 2978 tem
201 2927 305 2979 herbae
322 2927 425 2995 species
443 2934 497 2990 est,
513 2928 577 2978 licet
595 2927 683 2977 omnis
700 2925 789 2978 herba
805 2942 921 2992 gramen
937 2935 1066 2980 vocetur:
1088 2928 1154 2985 sicu

124 2994 226 3060 robur,
251 3013 332 3047 omne
351 2996 473 3063 lignum,
495 3012 561 3047 cum
578 2995 614 3046 sit
631 3003 658 3047 et
675 2994 788 3061 species.
820 2993 989 3061 Fontemque
1009 2999 1154 3067 ignemque

55 3066 56 3069 ’
119 3063 266 3132 ferebam,-
285 3065 396 3132 fontem
421 3079 472 3130 pro
490 3082 561 3132 aqua
583 3063 689 3135 posuit,
712 3068 729 3115 a
752 3071 809 3113 toto
820 3072 944 3132 partem.—
976 3065 1049 3117 Sane
1068 3066 1154 3121 adin

123 3133 221 3185 cienda
238 3133 352 3186 foedera
366 3132 498 3200 [semper]
517 3150 588 3201 aqua
606 3141 633 3184 et
649 3132 721 3200 ignis
738 3131 912 3184 adhibentur.
946 3133 1024 3185 Unde
1043 3140 1154 3191 econtet

122 3217 190 3268 quos
214 3219 310 3254 arcere
335 3202 457 3252 volumus
474 3220 491 3253 a
509 3210 602 3253 nostro
620 3200 774 3266 consortio,
800 3201 838 3253 eis
856 3218 927 3269 aqua
945 3209 973 3253 et
988 3202 1049 3270 igni
1072 3203 1154 3265 interii¹

122 3269 252 3334 dicimus,
269 3270 288 3322 i.
307 3289 331 3322 e.
348 3270 431 3322 rebus
449 3271 547 3336 quibus
565 3271 702 3321 consortia
718 3270 894 3337 copulantur;
911 3271 957 3336 [ad
974 3270 1044 3322 haec
1063 3281 1154 3329 auten

123 3355 195 3406 aqua
219 3340 253 3392 de
269 3340 353 3390 certis
377 3338 498 3390 sontibus
521 3339 579 3407 peti
603 3336 688 3402 solet]
706 3365 744 3375 --
783 3345 844 3394 120.
867 3338 958 3388 Veluti
974 3340 1054 3405 ἤπιος
1097 3334 1154 3410 tqnl

121 3407 238 3459 Fetiales
257 3417 286 3460 et
302 3409 506 3476 Paterpatratus
523 3426 572 3477 per
589 3424 657 3474 quos
674 3405 747 3458 bella
763 3407 806 3457 vel
821 3407 934 3459 foedera
951 3357 1154 3463 confirmahen'«

120 3482 340 3544 tur,·nrmquam
357 3476 506 3527 utebantur
523 3477 641 3528 vestibus
657 3475 743 3526 lineis.
779 3476 863 3541 [Adeo
880 3485 973 3528 autem
990 3495 1007 3529 a
1024 3478 1154 3531 Romano

120 3543 178 3595 ritu
195 3544 316 3595 aliennnr
327 3546 430 3608 'est,.ut
447 3561 511 3594 cum
524 3541 675 3596 Flaminica
692 3551 762 3596 esset
778 3545 888 3597 inventa
905 3545 1028 3598 tunicam
1043 3549 1154 3599 laneam

121 3613 182 3664 lino
200 3613 327 3666 babuisse
344 3621 497 3678 consutam,
513 3613 677 3664 constitisset
693 3613 729 3663 ob
744 3629 806 3663 eam
818 3630 928 3665 ceruam
942 3614 1083 3683 piaculum
1095 3632 1154 3677 essa

121 3681 318 3746 commissum]
352 3682 430 3732 Unde
445 3681 573 3744 dicimus,
598 3697 694 3732 errore
711 3683 829 3744 facturn,
851 3691 882 3733 ut
897 3683 972 3735 linea
988 3686 1072 3735 vestis
1090 3680 1154 3739 coni

119 3759 165 3802 tra
183 3767 292 3801 morem
310 3750 489 3802 adhiberetur
506 3751 541 3800 ad
558 3751 680 3814 foedera,
697 3768 767 3817 quae
784 3750 865 3801 firma
882 3752 976 3804 futura
992 3769 1049 3804 non
1067 3760 1154 3815 erant.

118 3817 225 3878 Scimus
243 3819 338 3882 enim,¹
349 3821 403 3870 boc
420 3817 522 3886 ubique
538 3835 649 3870 servare
664 3819 827 3886 Uirgilium,
845 3827 875 3869 ut
891 3820 973 3871 rebus
991 3823 1090 3889 quibus
1107 3823 1154 3875 dea

119 3895 270 3955 negaturus
288 3896 330 3939 est
345 3889 461 3951 exitum,
484 3887 531 3937 det
548 3886 634 3939 etiam
650 3887 761 3939 infirma
779 3888 922 3957 principia.
957 3888 1001 3940 Sic
1017 3891 1048 3941 in
1065 3891 1154 3944 Thra-

119 3959 162 4008 cia
178 3956 319 4008 civitatem
336 3957 456 4009 condens
474 3959 596 4029 deneas,
613 3970 698 4022 quam
715 3972 778 4007 mox
796 3957 887 4008 iuerat
904 3957 1063 4023 relicturus,
1088 3975 1154 4012 oon·

118 4031 163 4077 tra
185 4040 296 4078 morem
318 4025 375 4078 Iovi
399 4026 433 4078 de
457 4032 536 4076 tauro
559 4024 727 4079 sacrificavit.
769 4023 812 4077 Sic
836 4027 1024 4080 senatumad
1046 4029 1154 4098 privata
