2452 4626
206 311 242 353 n
263 290 423 356 naon.
447 290 610 357 osone.
632 299 668 368 ι,
690 298 889 373 οοοτοοο.
1002 297 1068 383 ees

20 479 78 534 sed
104 474 216 547 physice
243 477 353 534 ratione
376 476 456 531 nobis
477 486 541 531 sunt
563 475 735 548 incognitae.‘
778 466 967 546 Prohibenda
990 475 1068 548 enim

23 549 154 608 transire
178 549 291 602 adustae
315 549 435 616 regionis
458 550 590 609 calorem.
631 549 683 613 ofed
708 545 772 617 quia
795 547 943 600 meridiem
958 547 1069 618 ‘brume
1139 583 1145 596 .

22 617 293 685 animadvertimus,
317 618 388 684 ultra
411 617 498 669 solem
522 631 656 686 magnum
680 617 800 686 spatium
817 615 1000 674 coelisvecare
1016 616 1070 669 sci-

22 704 108 752 mus,
134 683 208 738 etin
225 685 493 747 contrariamnobis
508 684 620 756 'partem
637 686 695 737 eius
712 685 803 743 radios
819 684 911 752 ferri,¹
927 692 956 738 et
971 688 1073 756 quem·¹
1123 724 1125 730 -
1200 722 1204 729 ,

23 755 188 809 admodum
204 753 266 819 hic,
281 754 321 805 ita
337 755 394 805 illie
412 754 546 818 deficere;
563 753 805 818 abluderet-erunt,
822 770 880 806 esse
897 754 1068 823 friguscum
1095 798 1099 805 .

22 823 173 885 tenebris3
196 822 270 874 etin
286 821 408 891 aliquam
444 829 535 874 artem
550 821 620 875 ferri
636 823 664 874 iu
681 823 841 890 proximum
857 823 967 891 locuni,
990 830 1068 876 etex
1090 838 1093 843 ·

20 894 132 947 adusta
152 891 284 971 regione,
307 908 379 960 quae
445 890 504 943 ‘tur‘
522 889 643 942 brumali
660 890 793 942 solstitiali
810 891 929 957 circulo,
952 892 982 944 iu
1000 906 1067 944 eun·
1154 936 1159 949 ,

21 964 98 1015 dem
118 977 263 1028 pervenire
280 970 425 1031 vaporem,
441 968 470 1012 et
486 964 604 1028 utroque
622 958 722 1024 mixto,
744 960 860 1028 perinde
878 967 1068 1028 temperatam

22 1031 144 1084 efficere
163 1029 313 1096 ‘regionem
336 1027 459 1082 mediam
483 1028 603 1097 frigidae
632 1035 660 1079 et
682 1029 801 1093 adustae.
848 1027 979 1098 Quinque
1000 1026 1069 1098 ergo

25 1106 100 1150 sunt
124 1094 219 1148 zonae'
232 1097 263 1150 in
286 1099 400 1165 regione
424 1096 493 1149 coeli
516 1106 545 1149 et
567 1104 675 1161 tetrae,
702 1096 778 1162 duae„
797 1104 919 1160 extreme
941 1098 1083 1166 frigidae,

27 1165 260 1234 septentrionalis
276 1174 305 1218 et
327 1165 543 1230 anuinaeuna
561 1164 669 1230 adusta,
691 1165 763 1218 duae
786 1173 842 1217 tem
864 1173 972 1232 erutae,
995 1167 1069 1218 inter

28 1227 170 1304 trigidum
195 1242 225 1297 et
238 1224 388 1300 ‘eduum
410 1236 551 1302 cingentes
577 1242 654 1298 eam,
685 1241 713 1287 et
736 1183 930 1288 discendentes
952 1235 1069 1305 frigidis,

30 1319 159 1372 quarum
175 1302 262 1356 altera
277 1306 465 1367 Anterumene
482 1311 602 1373 uocatur.
621 1328 655 1339 -
686 1309 752 1367 -238,
773 1303 826 1354 Via
845 1311 918 1369 seete
942 1322 991 1370 per
1008 1323 1069 1365 em·

31 1376 107 1436 bas3
126 1372 192 1423 dicit
207 1372 372 1442 signiferum
388 1370 537 1438 circulum,
562 1370 609 1441 qui
628 1389 643 1423 a
661 1369 780 1433 brumali
799 1372 940 1440 obliquus,
965 1373 1000 1424 ad
1016 1372 1068 1424 sol·
1097 1422 1101 1431 ,

27 1441 185 1507 stitialem,
208 1443 333 1507 Cancro,
354 1441 601 1509 aequinoctialem,
624 1440 710 1490 Libra
733 1449 761 1491 et
784 1442 884 1493 Ariete.
907 1468 941 1479 -
986 1440 1067 1495 olli-

28 1527 114 1578 quus
133 1525 188 1574 qua
206 1517 270 1571 ete.;
294 1509 399 1564 idcireo
422 1508 502 1575 dixit,
525 1513 590 1578 quia
614 1508 659 1560 liic
684 1508 742 1578 ipse
767 1509 885 1561 circidus
909 1509 967 1561 ΧΠ.
986 1511 1070 1580 ⁴'signu

26 1577 168 1640 eoelestia
191 1578 286 1640 volvit3
299 1579 394 1629 ‘elima
416 1583 559 1644 nostrum,
581 1578 635 1645 lioc
653 1585 708 1642 est,
729 1578 760 1630 in
773 1577 888 1632 elimate
912 1590 1070 1633 tonnano-

25 1656 121 1711 stree‚
137 1645 209 1696 sicut
223 1663 253 1700 se
269 1645 363 1710 habet,
379 1653 409 1696 ut
424 1647 510 1698 simus
528 1646 565 1710 ad
579 1645 796 1714 septentrionem
812 1647 850 1698 ab
868 1664 901 1698 ea
917 1657 1003 1716 perte.
1014 1665 1070 1719 qua

24 1712 224 1785 Scytliiae'st,
246 1723 275 1768 et
290 1712 429 1785 Rhiphaei
452 1723 576 1782 montes,
596 1713 641 1765 cui
658 1704 797 1766 cdntraria
813 1723 855 1768 est
876 1716 1073 1773 inclinetioad

25 1784 172 1843 Africam.
204 1783 280 1853 Euge
297 1784 351 1836 hoc
367 1783 464 1850 sentit,
486 1799 553 1835 cum
569 1782 622 1835 ait:
645 1782 718 1847 Illic,
733 1790 765 1833 ut
781 1784 945 1852 perhibent,
960 1793 1010 1853 aut
1024 1785 1068 1839 in-

26 1851 176 1923 tempesta
190 1852 253 1917 silet
274 1859 395 1905 noireto.
428 1851 461 1905 In
477 1852 599 1921 quinque
622 1852 704 1912 tonas
726 1850 862 1904 mundum
881 1869 939 1904 esse
955 1852 1072 1920 divisum

24 1921 205 1996 accipimqs,
221 1933 296 1989 gquas
318 1920 470 1972 seeundum
492 1920 576 1990 clima
599 1919 688 1979 nostri
704 1918 779 1971 orbis
795 1920 834 1970 sic
852 1923 1071 1990 efformabimus,

25 2000 65 2042 ut
77 1990 192 2050 ,laevam
208 2005 326 2041 manum
344 1992 508 2041 contra-ora
523 1997 618 2041 nostra
635 2003 779 2058 ponamus,
795 1996 877 2072 atque
896 1991 945 2042 ubi
962 1993 997 2042 sit
1012 1993 1071 2063 pol·

26 2050 158 2131 lex,ibi
180 2057 216 2109 sit
235 2074 323 2124 eona,
346 2075 418 2126 quae
441 2056 594 2127 appelletur
618 2072 718 2125 graece
737 2050 865 2125 ciperem),
892 2076 962 2140 quae
985 2073 1016 2121 m
1041 2077 1071 2115 se
1130 2111 1132 2115 ,
1192 2056 1199 2071 ’

10 2127 124 2186 ‚habet
141 2135 246 2195 arctos,
261 2127 279 2179 i.
297 2145 320 2181 e.
337 2142 423 2178 ursas.
454 2120 562 2184 Eadem
573 2123 677 2193 ,Latine
695 2127 914 2203 {septentrionalis
930 2128 1085 2199 cognomi,

26 2203 137 2262 nanu,
153 2197 228 2265 quod
244 2196 274 2248 in
292 2213 325 2247 ea
341 2203 420 2267 parte
437 2195 509 2246 coeli
522 2195 615 2264 ‘posita
626 2193 680 2257 sit,
693 2211 768 2263 ,quae
786 2203 866 2249 vento
883 2198 1072 2269 septentrione

29 2265 160 2318 afflatur.
193 2265 235 2329 Ea
258 2281 327 2333 pars,
345 2281 403 2316 sem
424 2281 454 2316 er
477 2280 561 2333 supra
576 2258 706 2327 vertitur,
729 2265 854 2331 hoc-est,
871 2276 1019 2336 'nunquam
1040 2267 1072 2331 in

27 2335 186 2386 Oceanum
202 2332 386 2400 demergitur,
412 2328 487 2400 quod
504 2332 593 2401 etiem¹
604 2332 740 2382 Homerus
759 2333 914 2401 significat,
936 2334 1001 2386 oiim
1019 2336 1081 2400 aitzf

21 2399 157 2470 Ἀρκτον
172 2396 224 2468 τήν
241 2408 286 2454 καὶ
304 2396 411 2470 ἅμαξαν
422 2397 566 2471 ,ἐπίκλησιν
583 2398 720 2467 καλέουσιν
737 2415 765 2458 se·
778 2422 804 2456 τ.
819 2399 844 2458 λ’.
879 2403 915 2469 Et
929 2396 1075 2474 virgilius}

27 2476 136 2524 Arctos
152 2470 258 2524 Oceani
275 2480 430 2524 metuentes
446 2487 568 2538 aequore
585 2468 664 2539 tingi.
698 2470 771 2522 Nem
797 2480 825 2522 et
841 2486 912 2525 eona
933 2472 1072 2526 inhabite-

27 2541 99 2592 bilis
119 2547 160 2592 est
167 2548 291 2623 ‘propter
308 2539 409 2615 nimios
426 2541 542 2607 rigores.
576 2536 672 2613 Polliei
689 2540 828 2608 proximus
846 2541 962 2608 digitus,
979 2542 1073 2603 obser,-
1099 2560 1102 2565 ’

29 2608 148 2661 vabitur
164 2626 194 2660 m
211 2626 300 2665 neem
317 2625 416 2672 zonae,
432 2625 504 2678 quae
521 2607 629 2661 Graece
647 2609 800 2675 appellatur
817 2606 916 2679 θορινή
925 2649 932 2674 ,
951 2610 1073 2678 anobis,
1157 2612 1169 2618 “

30 2677 190 2742 aestivalis,
212 2677 286 2745 quod
303 2677 359 2729 scil.
374 2673 430 2740 sol,
452 2693 518 2726 cum
534 2677 564 2728 in
582 2678 699 2728 eandem
716 2692 815 2741 eonem
832 2678 992 2746 declinavit,
1006 2678 1074 2735 ilou'·
1139 2697 1144 2703 ’

30 2749 134 2816 giores
163 2745 220 2796 dies
251 2745 349 2807 efficit3
368 2745 424 2800 ¹ibi
456 2746 531 2796 enirn
561 2746 707 2798 solstitium
736 2745 803 2813 lacit
830 2748 977 2812 aestivum,
1006 2748 1076 2800 vm.

30 2814 154 2869 Kalend.
179 2814 229 2867 lul.
261 2815 335 2867 Haec
353 2829 422 2865 zoua
438 2813 599 2867 habitabilis.
612 2823 727 2883 propter
742 2820 925 2885 temperiem,
948 2823 979 2869 et
993 2815 1075 2868 multi

32 2884 119 2949 solis,
140 2882 256 2936 etillius
271 2883 410 2936 vicinitate
430 2898 531 2949 zonae,
555 2900 640 2951 quam
663 2883 911 2951 septentrionalem
932 2895 1074 2955 nuncupa-

25 2955 136 3004 ‘vimus
169 2951 278 3002 Medius
291 2952 395 3013 'autem
419 2951 521 3024 digitus
544 2952 709 3020 significabit
732 2966 847 3019 zonam,
869 2969 941 3023 quae
965 2953 1082 3007 Graece

34 3022 144 3074 dicitur
159 3016 315 3093 ἰοομορινῇ,
341 3021 448 3072 Latine
464 3016 679 3093 aequinoctialis.
713 3018 765 3073 Sed
787 3029 815 3072 et
832 3021 873 3074 sol
894 3021 925 3075 iu
941 3023 1014 3075 hauc
1028 3022 1078 3089 'poe
1154 3044 1163 3055 ··

34 3106 110 3144 nom
135 3090 176 3141 bis
195 3106 266 3141 anno
285 3089 372 3152 venit,
396 3097 425 3142 et
447 3090 528 3140 toties
552 3090 749 3160 aequalitatem
771 3089 838 3143 lacit
854 3088 911 3143 diei
934 3099 962 3144 et
978 3091 1076 3159 noctis,

31 3157 340 3226 vffl.Kalei1d.·April.
359 3165 387 3210 et
404 3158 470 3211 VIII.
487 3154 600 3210 Kalend.
618 3157 718 3212 Octob.
751 3148 832 3211 Haec.
844 3174 915 3221 zona
937 3159 1076 3215 inhabita·
1152 3180 1166 3227 ᾖ

35 3228 121 3288 tulin
146 3244 211 3279 nam
236 3237 351 3298 propter
376 3227 475 3298 nimios
492 3218 612 3279 'diriores
627 3220 698 3281 ‘loos
720 3222 952 3283 subiecta-hibet
969 3232 1076 3282 'eluda

35 3301 162 3365 Quartus
179 3297 242 3348 dein
267 3297 367 3364 digitus
390 3295 556 3364 significabit
580 3294 692 3361 zonam,
715 3313 788 3365 quae
811 3293 966 3366 appellatur
982 3315 1076 3377 χειμο-

35 3361 120 3436 paeri,
150 3383 166 3416 a
189 3365 267 3416 nobis
290 3364 433 3424 hiemalis3
456 3364 537 3432 quod
553 3365 626 3434 scil,
649 3382 715 3416 cum
737 3365 815 3418 illam
837 3367 879 3418 sol
901 3368 1077 3432 transcendit,
1158 3370 1163 3381 ⁸

35 3431 167 3490 hiemem
183 3435 264 3496 facit,
287 3442 316 3484 et
333 3434 471 3485 breviores
491 3432 547 3485 dies
564 3433 630 3501 agit.
663 3433 737 3486 Nam
753 3434 807 3486 sibi
823 3434 969 3489 solstitium
986 3435 1078 3502 efficit,

36 3503 117 3575 qnod
141 3508 182 3556 est
200 3502 265 3554 VIII.
282 3500 397 3555 Kalend.
414 3502 538 3574 lanuau
561 3502 638 3559 Hanc
660 3518 771 3575 quoque
794 3506 894 3557 zenam
911 3504 1077 3569 inhabitari,

37 3570 178 3629 credibile
196 3578 254 3629 ests
273 3571 406 3638 quoniam
429 3577 458 3621 et
479 3569 540 3637 ipsa
555 3587 620 3640 pars
636 3578 792 3643 temperata
807 3573 881 3625 inter
898 3574 1030 3626 aestivum
1047 3581 1077 3629 et

35 3638 222 3696 i'somcrinent
239 3639 328 3706 posita
346 3646 400 3702 est,
422 3638 657 3706 quemadmodum
681 3643 739 3694 eius
758 3657 844 3709 supra
865 3642 982 3708 lecimus
999 3657 1077 3693 men·

38 3712 166 3774 tionem:
192 3707 339 3771 aestivalis,
361 3707 434 3758 inter
459 3707 689 3777 aequinoctialem
714 3717 742 3760 et
757 3711 1008 3778 septentrionalem.
1041 3710 1078 3763 Et
1146 3706 1156 3720 ⁸

36 3778 72 3834 in
89 3778 143 3831 liae
161 3778 230 3828 zona
246 3777 269 3825 si
287 3776 335 3844 qui
351 3774 522 3840 inhabitant,
546 3775 720 3846 appellantur
742 3796 759 3829 a
775 3776 855 3830 nobis
871 3778 1079 3843 Antichthones,
1119 3834 1124 3840 ,

37 3844 79 3902 ‹e‘c
95 3842 147 3913 τήν
163 3846 283 3900 ἐναντίον
299 3840 389 3908 χθόνα
407 3839 548 3898 οἰκοῦντες.
583 3844 691 3914 Digitus
702 3846 834 3905 minimus
846 3846 935 3897 habet
953 3846 1078 3915 quintam

36 3933 159 3981 aonam,
177 3913 341 3989 appellatam
357 3910 466 3978 edvium
483 3912 615 3988 quoniam
633 3932 663 3964 ex
681 3915 728 3967 illa
745 3921 825 4034 plarte
842 3929 907 3965 cum
925 3916 1001 3967 efflet
1016 3932 1079 3968 ven·

37 3996 100 4050 tus,
124 3985 271 4038 humidum
288 3984 357 4035 iecit
374 3986 481 4046 adrem,
503 3991 531 4032 et
548 3983 697 4034 humorem
716 4000 748 4033 co
769 3982 847 4050 igens
865 3999 980 4052 corpus,
1002 3987 1080 4040 notia

36 4055 155 4127 dicitur.
189 4053 264 4111 Haec
280 4052 364 4123 plaga
379 4051 505 4131 australis
529 4051 697 4131 appellatur,
719 4050 890 4129 depressior,
913 4067 998 4125 quam
1015 4063 1081 4108 uta

211 4316 217 4323 ,
296 4280 301 4316 l
