2430 4620
234 309 268 350 n
294 287 448 350 unuin
472 286 630 350 cuono.
652 288 685 364 1,
710 288 859 357 12'·14.
1001 292 1064 359 173
1126 343 1156 383 ,i

26 475 92 539 diis,
107 481 142 525 ut
161 475 222 527 eius
239 473 353 526 nornine
371 473 465 524 civitas
482 473 680 545 appellaretur,
696 472 743 541 qui
757 480 859 524 'munus
876 472 973 526 melius
989 490 1066 527 mor-

27 545 125 594 talibus
144 543 295 594 obtulisset.
331 542 411 592 Tunc
427 543 569 610 Neptunus
586 557 714 610 percusso
730 541 811 594 litore
827 558 944 609 equum,
962 543 1065 598 animal
1130 588 1135 595 .

26 614 101 664 bellis
128 620 246 682 aptum,
277 611 418 680 produxit:
450 612 589 665 Minerva.
620 611 691 662 iacta
715 610 807 674 hasta,
829 611 927 661 olivam
949 615 1064 666 creavit:
1095 614 1099 621 ’
1126 651 1129 656 -

29 698 94 749 quae
113 697 163 732 res
180 690 222 732 est
239 681 337 731 melior
354 679 535 749 comprobate
552 687 580 730 et
595 677 649 748 [ut]
672 679 745 748 pacis
768 680 883 746 insigne.
919 680 953 732 Ut
969 691 1067 734 autem
1106 678 1110 682 ’

30 752 108 801 nodo
123 750 288 818 Neptunum
305 750 426 812 invocet,
444 764 525 800 cansa
543 748 600 800 eius
618 748 740 798 muneris
756 749 837 813 facit,
854 750 919 815 quia
934 750 968 802 de
986 751 1063 820 equis

30 828 62 870 est
77 820 208 870 dicturus
225 819 256 868 in
273 818 371 869 tertio:
394 817 514 885 alioquin
539 817 724 884 incongruum
741 825 825 880 esset,
847 818 870 866 si
886 818 922 870 de
946 818 1064 886 agricul-

29 896 84 940 tura
110 886 257 938 locuturus
279 901 383 943 numen
406 886 515 936 invocet
536 885 629 936 maris.
663 884 773 951 Equum
791 893 884 937 antem
901 904 917 938 a
934 886 975 938 Ne
996 882 1063 938 tuno
1089 924 1098 935 ,

30 956 208 1024 progenitum
234 955 280 1006 alii
297 953 454 1024 Scythium,
478 953 525 1006 alii
549 954 727 1019 Schi'ronem,
750 954 796 1006 alii
814 955 943 1007 Arionem
968 905 1064 1008 dicimt

29 1027 104 1077 luisse
130 1025 329 1091 nominatum,
352 1024 389 1081 Et
411 1024 474 1074 ideo
492 1020 592 1074 dicitur
610 1038 710 1090 equum
734 1022 883 1088 invenisse,
907 1024 970 1093 quia
989 1025 1064 1077 velox

31 1103 66 1144 est
82 1094 145 1146 eius
164 1108 285 1158 numen,
310 1100 339 1144 et
362 1093 481 1155 mobile,
504 1093 574 1143 siout
597 1109 683 1142 snare.
717 1091 794 1144 Unde
819 1095 902 1167 etiam
920 1093 1016 1145 Castor
1034 1100 1063 1146 et

31 1163 135 1227 Pollux,
167 1163 233 1228 quin
256 1178 354 1213 eorum
379 1160 562 1213 velocissimae
587 1161 680 1212 atellae
704 1168 780 1224 sunt,
810 1177 895 1228 equos
922 1161 952 1214 in
976 1163 1062 1215 tutela

31 1231 132 1284 habere
157 1231 295 1284 dicuntur.
335 1229 417 1298 [Ssoe
442 1230 515 1281 hunc
539 1247 641 1297 equum
664 1228 849 1298 cuiuscunque
873 1230 992 1282 nominis
1015 1230 1062 1282 alii

33 1301 98 1370 apud
117 1300 282 1364 Arcadiam,
308 1299 355 1351 alii
378 1300 406 1350 in
425 1298 564 1350 Thessalia
583 1299 687 1350 editum
713 1299 820 1362 dicunt,
843 1298 872 1349 in
897 1316 951 1367 quo
976 1299 1061 1352 etism

31 1368 153 1434 nioritem
172 1368 335 1419 altissimum
358 1368 516 1432 ostendunt,
539 1367 587 1419 ubi
612 1366 736 1434 primum
760 1383 844 1434 equus
867 1367 936 1419 visus
960 1370 1008 1434 sit,
1030 1371 1061 1422 in

31 1446 135 1490 tantum
160 1445 193 1488 ut
216 1436 251 1487 ob
273 1438 345 1488 hatte
363 1453 474 1487 oausam
491 1454 507 1487 a
525 1435 662 1488 Thessalis
679 1436 806 1505 Neptuno
824 1444 949 1504 equestre
972 1447 1061 1491 certa-

33 1524 90 1558 rnen
109 1515 272 1558 memorent
286 1507 458 1556 institutum:
481 1503 567 1569 unde,
584 1515 616 1556 ut
631 1504 704 1570 apud
720 1504 841 1556 Graecos
857 1504 952 1560 tantos
968 1525 1060 1561 nassi-

32 1573 94 1637 loiv‚
122 1594 140 1627 a
167 1575 246 1626 nobis
269 1575 403 1641 Equester
429 1574 577 1642 Neptunus.
620 1573 672 1624 Alii
695 1573 766 1625 lianc
790 1575 906 1626 eandem
930 1577 964 1628 de
988 1594 1059 1645 equo
1122 1598 1125 1605 ·

33 1646 193 1712 opinionem
210 1643 285 1695 varie
302 1643 445 1694 adserunt:
467 1658 534 1695 nam
557 1641 680 1710 primunt
697 1657 800 1712 equum
824 1651 852 1693 et
868 1659 932 1695 mox
953 1639 1061 1713 pullum'

31 1714 162 1782 equinum
187 1721 276 1769 matre
293 1710 400 1762 editum
425 1711 550 1775 tradunt,
574 1711 688 1779 quidam
710 1727 818 1763 maram
843 1713 932 1780 magis
955 1715 1060 1784 pullum

32 1782 107 1833 initio
128 1782 234 1834 editum
253 1780 359 1830 volunt:
384 1779 509 1837 nonnulli
527 1777 658 1843 Saturno,
676 1796 740 1830 cunt
758 1796 819 1831 suos
836 1781 992 1846 devoraret,
1008 1801 1060 1854 pro

32 1852 159 1921 Neptuno
177 1866 280 1918 equum
297 1848 418 1899 oblatum
433 1844 618 1901 devorandum
631 1848 750 1911 tradunt,
769 1848 839 1903 unde
851 1850 968 1917 illyricos
982 1861 1060 1918 quot·

30 1921 104 1971 annis
130 1919 188 1970 ritu
211 1933 352 1969 sacrorum
370 1934 471 1985 equum
489 1917 576 1969 solere
593 1917 670 1986 aquis
687 1917 869 1986 immergere:
894 1919 947 1970 hoc
965 1928 1059 1973 saitem

29 1990 102 2053 ideo,
129 1988 203 2055 quod
221 1986 352 2045 Saturnus
369 1986 493 2038 humoris
509 1985 603 2050 totius,
627 1993 655 2038 et
676 1987 787 2052 trigoris
805 1985 869 2036 dein
886 1988 927 2038 sit.
963 1986 1070 2040 Prima

29 2067 121 2109 autem
141 2056 221 2105 multi
239 2070 290 2124 pro
310 2057 376 2105 olim
394 2055 545 2124 accipiunt,
563 2063 593 2104 ut
609 2057 648 2119 (A.
668 2060 697 2117 1,
715 2054 782 2114 24.):
802 2053 910 2121 Prima,
928 2058 1002 2122 quad
1020 2061 1058 2109 od

30 2126 145 2178 Troiam
169 2142 221 2190 pro
247 2125 324 2173 caris
347 2135 471 2191 gesserat
488 2124 581 2190 Argis.
615 2123 666 2176 Alii
690 2126 782 2189 prima
805 2124 882 2189 ideo,
907 2126 979 2192 quod
998 2137 1060 2194 post

28 2194 57 2245 Sc
109 2196 170 2244 ‘um
193 2192 325 2244 Arionem
357 2193 459 2259 genuit.
504 2189 635 2244 Nonnulli
659 2206 723 2243 vero
748 2191 783 2242 oh
809 2192 862 2243 hoc
893 2195 941 2246 cui
964 2199 1057 2260 prima

29 2264 191 2330 frementem
214 2261 292 2328 fudit
316 2278 417 2326 aquam
441 2261 549 2328 legunt,
578 2262 651 2328 quod
678 2269 781 2317 veteres
803 2277 947 2314 murmura
969 2281 1058 2334 aquae

25 2333 172 2399 fremitum
191 2329 333 2381 dicebant:
350 2331 466 2381 Ennius:
484 2332 557 2396 Ager
575 2332 698 2396 oppletus
714 2329 846 2380 imbrium
845 2332 987 2450 ¹1fremitu.
1021 2334 1058 2385 Et

29 2401 131 2454 denuo:
162 2400 322 2464 ratibusque
339 2397 480 2465 fremebat
506 2399 592 2448 imber
616 2397 755 2465 Neptuni,
778 2400 905 2466 Virg'iua
929 2401 958 2454 in
974 2418 1056 2454 ‘trono
1083 2426 1087 2440 ¹

30 2473 86 2536 (11,
110 2469 203 2529 299.):
233 2467 401 2533 Vicinosque
420 2467 551 2535 fremunt
577 2463 660 2532 rip'ae.
709 2467 785 2535 Ergo
808 2470 900 2535 prima
925 2477 972 2521 aut
993 2488 1056 2541 pro·

31 2540 137 2606 prium,
160 2537 226 2606 quia
244 2544 272 2588 et
287 2536 513 2614 Pegaso-iontem
529 2536 558 2587 in
576 2534 689 2588 Boeotia
713 2535 767 2586 icta
786 2537 842 2588 eius
860 2538 1057 2606 ungulesudit,

29 2616 72 2659 aut
88 2609 186 2673 prima
211 2607 308 2668 tellus,
331 2622 348 2655 t.
366 2623 389 2655 e.
411 2604 482 2656 litus.
517 2604 614 2670 Ut.(A.
633 2611 663 2669 1,
680 2604 763 2664 541.):
788 2604 935 2673 Primaque
963 2620 1055 2660 uetant

29 2673 290 2740 consisterettcrral
305 2699 338 2710 -·
374 2676 416 2730 14.
433 2673 468 2722 Et
481 2673 570 2723 cultor
585 2668 736 2736 liemarum,
755 2676 802 2724 oui
814 2677 934 2742 pinguia
952 2675 1055 2744 Casae,-

28 2745 182 2795 Aristaeum
198 2743 319 2805 invocat,
337 2739 354 2792 i.
372 2758 396 2792 e.
415 2741 544 2812 Apollinis
561 2748 588 2793 et
605 2742 725 2808 Cyrenes
742 2741 843 2793 filiuni:
861 2761 944 2811 quern
961 2747 1056 2797 Hesio·'

30 2812 76 2862 dus
93 2812 162 2866 dicit
178 2810 330 2881 Apollinem
355 2810 526 2879 pastoralem.
563 2810 628 2870 Hic,
652 2818 683 2858 ut
706 2810 788 2862 etiam
806 2811 943 2862 Sallustius
966 2813 1055 2880 docet,

61 2889 85 2930 st
100 2880 236 2932 laniatum
253 2897 270 2931 a
287 2878 401 2931 canibus
416 2881 584 2930 Actaeonem
600 2878 702 2941 tilium,
720 2880 817 2930 matris
834 2879 964 2930 instinctu
982 2882 1054 2935 The·

28 2896 76 3000 ion
92 2949 222 3018 reliquit:
246 2955 275 2999 et
291 2948 394 2998 Caeam
413 2947 529 3011 insulam
552 2947 640 2998 tenuit
656 2948 762 3017 primo,
785 2949 873 2999 adhuc
897 2950 1053 3002 hominibus

29 3033 154 3070 vacuam:
172 3024 279 3087 postea,
295 3034 329 3068 ea
346 3017 457 3078 relicta,
473 3014 671 3081 cumDaedalo
689 3016 723 3066 ad
736 3014 890 3069 Sardiniam
908 3020 1054 3081 transitum

29 3088 99 3138 iecit.
133 3086 215 3166 [Huic
240 3085 363 3154 opinioni
381 3085 512 3136 Pindarus
529 3086 701 3151 refragatur,
728 3085 774 3152 qui
792 3101 856 3136 eum
873 3086 912 3138 ait
929 3087 962 3139 de
980 3089 1070 3143 Casa*
1146 3126 1150 3133 ·

29 3155 113 3206 irrsnla
130 3173 159 3206 in
177 3155 322 3206 Arcadiam
340 3156 487 3222 migrasse,
510 3153 604 3221 iiiique
626 3153 711 3203 vitam
735 3154 856 3207 coluisse.
890 3155 963 3207 Noni
980 3159 1053 3225 apud

29 3225 145 3277 &cadas
168 3238 220 3290 pro
236 3223 298 3274 Iove
316 3222 430 3289 colitur,
451 3220 524 3291 quod
548 3222 653 3293 primus
670 3223 832 3289 ostenderit,
855 3225 972 3293 qualiter
989 3244 1054 3295 apes

53 3413 88 3463 12)
118 3414 156 3451 G.:
173 3412 272 3464 Quoniam
286 3412 311 3450 ab
325 3413 373 3449 love
392 3423 429 3460 pro
443 3411 539 3459 Neptuno
559 3425 620 3462 equus
640 3413 665 3450 sit
683 3415 912 3465 suppositusJSsturno,
933 3419 985 3457 siout
1002 3420 1053 3469 lapis

106 3485 145 3521 pro
160 3472 219 3515 love,
239 3470 331 3507 convenit
346 3466 459 3506 huiusmodi
473 3467 576 3505 historiam
590 3469 667 3514 dicore,
688 3478 708 3508 ct
722 3474 839 3522 Neptunum
853 3475 957 3521 invocare,
979 3477 1011 3528 qni
1027 3479 1052 3515 do

107 3535 180 3565 natura
200 3540 295 3577 eqnorum
317 3526 380 3563 (lictus
399 3531 434 3561 est.
454 3545 479 3553 -
523 3526 562 3561 Vv.
586 3528 608 3562 Ῑη
631 3529 689 3565 θοι-η.
711 3543 738 3579 eq⁴
758 3531 850 3579 leguntur
869 3537 945 3570 tantum
963 3533 984 3570 in
1004 3535 1052 3571 edit.

107 3587 161 3622 Dm·
177 3583 211 3633 qui
225 3585 270 3620 fort.
285 3582 366 3631 margini
380 3579 518 3630 adscripscrat.
546 3583 613 3619 Burni.
633 3583 728 3623 coniecit:
748 3586 768 3625 in
782 3587 904 3627 Autliontiui
926 3604 1011 3640 nquam,
1029 3590 1053 3629 its

107 3648 199 3680 correcto
220 3640 280 3689 ipsius
290 3652 360 3683 ,mersu
381 3650 458 3688 equum.
473 3659 498 3669 -
525 3639 564 3675 Pro
580 3640 684 3689 Scytln'um
698 3643 754 3679 Voss.
770 3645 794 3680 tle
808 3645 878 3680 Idolul.
893 3645 917 3688 3,
932 3646 952 3684 91
967 3653 985 3683 cl
1001 3647 1052 3684 Cer-

107 3699 134 3736 α.
155 3698 276 3748 Scyphinm
296 3697 322 3734 L.
341 3696 367 3733 R.
387 3695 462 3733 Sevith.
496 3694 549 3732 Dein
567 3696 593 3733 R.
614 3697 660 3732 vos.
680 3704 700 3734 et
719 3700 745 3739 at
761 3702 876 3750 sciram,-
895 3701 963 3752 Stepli.
985 3708 1006 3739 st
1024 3702 1050 3741 al.

106 3759 213 3807 Syronem.
228 3776 252 3786 -··
279 3754 351 3790 Postea
365 3751 386 3788 in
401 3764 460 3789 versu
475 3750 741 3804 Virg.1)an.stetaratpro
755 3765 853 3807 gesserat.

54 3832 85 3881 14)
114 3836 136 3871 ln
152 3834 192 3871 fine
208 3833 245 3870 G.:
261 3834 312 3870 Casa
328 3832 394 3870 lnsuls
407 3831 482 3880 Aegaei
496 3832 555 3871 maris
570 3839 606 3876 est,
622 3845 672 3882 quse
686 3835 750 3883 prima
766 3836 838 3874 dieitur
850 3837 950 3887 Nymphis
964 3837 1051 3876 habitari

104 3892 191 3939 ideoque
207 3889 219 3908 *
233 3896 253 3926 et
273 3889 293 3926 id
314 3901 380 3927 rursus
396 3889 468 3925 dictam
488 3895 557 3937 postea
571 3889 641 3926 Acron
655 3887 666 3910 ¹
681 3905 814 3941 anpaucornm
832 3895 903 3931 Ossam
923 3892 1050 3945 appellatam,

103 3950 124 3985 in
141 3960 180 3996 qua
195 3945 299 3983 Aristaeus
314 3958 338 3982 ex
353 3945 440 3986 Arcadia
454 3945 532 4013 rupisse
546 3945 618 3989 fertur,
639 3953 660 3983 ct
679 3961 773 3997 responso
793 3950 855 3998 patris
869 3951 969 3998 Apollinis
984 3950 1050 3988 moni.

104 4013 150 4048 tus,
171 4003 204 4052 qul
225 4015 251 4040 ex
270 4002 374 4059 pecoribus
389 4014 445 4043 usim
463 4001 520 4042 lastis
538 4001 627 4050 insanit,
640 4010 667 4045 st
685 4005 750 4047 maltis
762 4007 852 4050 stomun
866 4006 933 4060 spiam
947 4007 1048 4049 solertius

101 4060 203 4113 (solertia)
216 4067 334 4100 musseutsu
348 4065 384 4101 nt

269 4128 276 4152 Ι
