2430 4620
127 304 191 370 1⁶4
377 296 517 361 stavit
542 293 920 377 consternatus,

79 436 97 463 ἱ
631 440 638 461 s
867 443 873 453 ¹

127 484 229 548 saliae,
252 477 338 535 ambo
354 482 471 552 Apollini
497 489 527 533 et
543 482 630 532 Musis
655 480 817 533 consecrati.
834 507 869 518 -
911 487 954 538 19.
979 480 1073 531 Aonia
1092 478 1169 547 Aga-

131 550 229 620 nippe3
261 551 420 604 nouunstiu'
450 560 513 602 suut
544 552 708 618 singulares.
747 549 889 619 Aganippe
919 555 1012 599 autem
1042 551 1105 599 lons
1130 557 1170 599 est

129 623 274 687 Boeotiae,
303 638 375 690 quae
399 628 428 672 et
450 622 534 670 auria
560 621 667 670 dieitur.
712 620 797 669 Aouiu
821 626 916 668 autem
943 616 1031 667 brevis
1054 617 1086 667 fis
1112 616 1166 666 M:

131 692 196 760 quia
219 690 343 757 sequitur
361 688 459 740 vocalis
483 690 613 741 rim-niem.
648 686 846 755 [Callimachus
863 686 1037 753 Aganippem
1061 687 1169 736 lonteiu

130 775 189 813 esse
211 760 278 813 dis-it
303 758 438 809 Permessi
462 755 610 820 ilumiuic]
635 782 669 794 -
713 764 755 812 14.
780 754 846 806 Soio
871 757 922 805 suis
950 773 1018 819 rupe
1045 755 1167 815 deserta,

130 829 274 881 Maenalus
292 837 386 878 autem
404 833 431 877 et
448 825 570 892 lq'cueus
587 833 696 875 montes
713 832 777 875 sunt
793 823 934 874 Arcadiae.
951 849 985 859 -
1030 829 1073 881 16.
1089 822 1168 871 Stans

131 910 156 949 et
183 914 247 948 oues
272 899 395 958 circum,
419 892 522 946 seilicet
545 895 619 945 circa
643 893 770 956 Galloni,
793 892 851 943 eius
875 907 1003 943 amorem
1021 899 1167 962 stupentes.

131 966 230 1019 Sensus
247 972 341 1015 nutam
358 971 411 1016 est:
428 962 503 1012 Sicut
521 980 590 1026 ures,
608 960 646 1028 [o]
664 962 756 1026 Galle,
772 961 879 1011 ursum
895 970 923 1013 te
940 968 1014 1011 stare
1030 977 1089 1011 non
1106 976 1169 1029 poe·

132 1037 216 1098 nitet,
232 1034 271 1085 ita
289 1049 341 1084 nec
359 1031 511 1083 talliarum
531 1033 679 1101 poeniteat.
713 1031 785 1080 Nam
803 1030 887 1080 etiam
906 1029 1006 1080 Adonis
1024 1031 1165 1096 quondam

133 1103 225 1155 osium
242 1096 344 1154 exstitit
360 1108 461 1170 pastor.
495 1102 530 1151 Et
547 1100 620 1169 quod
644 1101 683 1161 ait
699 1098 815 1161 u'osur,
839 1098 949 1148 miscuit
971 1112 1051 1158 suain
1075 1113 1169 1165 perso-

134 1188 214 1234 nam,
237 1178 269 1219 ut
292 1172 452 1237 frequenter
475 1171 567 1220 iacere
591 1168 744 1220 cousuevit:
768 1183 835 1217 uam
852 1174 912 1219 arat
935 1167 1093 1232 integrum:
1116 1166 1169 1216 Tui

134 1256 187 1295 nec
210 1237 334 1309 poenitet
359 1236 427 1288 illas.
461 1237 525 1305 [Alii
547 1239 668 1302 poenites
691 1234 778 1303 pudet
800 1232 958 1302 accipirmt]
976 1260 1009 1272 -
1050 1242 1095 1292 17.
1112 1234 1168 1286 Nes

135 1321 159 1360 te
177 1310 317 1375 poeniteat
334 1308 443 1373 pecoris
461 1307 558 1357 divine
574 1311 672 1371 puicu,
690 1300 872 1372 didqyopssait
889 1304 941 1354 boc
959 1302 1041 1353 dicits
1065 1305 1124 1356 Nec
1139 1312 1168 1353 tu

134 1378 279 1431 erubescas
303 1375 428 1425 bucolica
446 1375 575 1426 scribere.
595 1401 627 1411 -
664 1381 705 1430 18.
725 1376 848 1434 Adonis;
872 1391 889 1422 ιι
915 1372 1000 1423 habet
1017 1378 1168 1432 accentum,

135 1446 200 1516 quia
224 1445 364 1495 Graecum
389 1450 430 1495 est
460 1459 578 1495 nornen:
608 1452 703 1495 tamen
729 1441 837 1510 et[iaui]
862 1441 960 1492 Latine
984 1440 1023 1490 sic
1047 1440 1166 1491 dicimus.

136 1517 209 1565 Nam
235 1514 476 1579 Adonnusquum
499 1512 602 1563 lectum
627 1519 675 1563 est.
716 1511 764 1580 [Et
786 1511 898 1581 deboc
922 1509 1016 1561 sabula
1039 1509 1114 1563 talis:
1134 1509 1165 1558 ln

137 1584 229 1652 Cypro
247 1581 336 1632 insula
359 1582 485 1649 regnavit
503 1580 633 1645 Cinyras,
656 1578 761 1632 babens
778 1579 864 1631 tiliam
880 1576 1028 1644 Myrrham
1049 1577 1168 1642 nomine,

137 1668 209 1720 quac
226 1648 294 1700 Solis
318 1651 359 1700 ira
377 1649 406 1703 iu
424 1664 533 1699 amores
558 1648 655 1698 incidit
672 1649 770 1718 patris,
791 1663 857 1698 cum
874 1660 929 1713 quo
947 1648 1032 1699 etiam
1049 1647 1170 1703 ministe-

139 1720 182 1771 rio
207 1717 322 1768 nutricis
356 1717 513 1768 concubuit.
550 1717 677 1784 Namque
702 1717 792 1767 nutrix
808 1715 940 1784 Myrrhae
963 1715 1031 1766 dixit
1047 1715 1172 1785 Cinyrae,

139 1786 353 1855 assequendam
371 1786 508 1853 pueliam,
531 1801 602 1852 quse
620 1786 678 1836 eius
701 1801 797 1837 amore
820 1785 967 1852 flagraret,
989 1791 1019 1836 et
1040 1784 1170 1835 concubi·

139 1865 200 1907 tum
218 1864 299 1906 nocte
318 1855 485 1907 intenebris
502 1863 616 1922 propter
634 1854 826 1905 verecundiam
842 1860 982 1920 expeteret
994 1852 1170 1920 virginalem:

139 1926 193 1977 boc
222 1923 351 1991 Cinyras,
382 1923 510 1974 incitatus
532 1922 661 1984 libidine,
690 1922 825 1992 pollicitus
855 1931 908 1974 est:
937 1920 1050 1990 cupiens
1074 1921 1172 1974 deiude

140 1992 232 2046 videre
249 1993 337 2042 vuitus
354 1993 475 2060 puellae,
498 1991 590 2042 lumen
608 1988 686 2042 iussit
707 1991 820 2055 inferri,
843 1991 983 2056 visamque
1005 1989 1093 2041 rutam
1110 2007 1172 2057 per·

140 2061 218 2129 sequi
235 2077 299 2109 rum
318 2059 408 2126 gladio
425 2060 533 2128 coepit,
555 2068 585 2109 ut
600 2058 783 2123 interficeret,
809 2076 880 2128 quae
898 2056 1011 2127 gravida
1032 2057 1069 2110 de
1092 2068 1171 2137 patre

141 2129 266 2193 confugit
283 2129 310 2179 in
325 2128 416 2189 silvas,
433 2127 525 2196 ibique
543 2137 650 2180 mutata
667 2136 707 2180 est
722 2127 753 2179 in
770 2127 902 2180 arborem
919 2127 1039 2178 nominis
1056 2142 1108 2192 ssu,
1123 2129 1170 2180 sed

116 2210 118 2219 '
140 2196 277 2252 infantem
299 2204 465 2265 conceptum
495 2197 579 2248 etiarn
609 2198 639 2247 iu
661 2196 764 2248 cortice
787 2196 914 2259 retinuit,
944 2203 972 2245 et
995 2198 1170 2262 postmodum

140 2267 224 2319 dente
246 2265 306 2331 apri
327 2267 449 2314 excisum
473 2265 566 2315 emisit
591 2266 619 2316 in
642 2266 748 2329 lucem,
771 2267 819 2332 qui
843 2281 860 2316 a
882 2263 1010 2330 nymphis
1033 2265 1171 2328 educatus,

142 2335 243 2386 Adonis
266 2333 476 2401 cognominatur
499 2343 553 2396 est,
576 2349 659 2401 quesn
684 2334 749 2401 quia
766 2335 855 2385 Venus
872 2332 1023 2397 adamavit,
1049 2333 1126 2385 Mars
1142 2334 1171 2384 iri

143 2418 244 2470 aprum
270 2403 479 2468 transfiguratus
505 2403 611 2454 occidit.
646 2405 736 2470 Quem
760 2402 840 2454 multi
864 2401 1041 2455 miseratione
1061 2403 1170 2455 Veneris

142 2472 174 2523 in
191 2486 283 2521 rosam
302 2486 461 2521 conversum
479 2469 580 2545 dicunt.
615 2473 663 2523 Est
679 2472 765 2521 etiam
783 2471 852 2522 alter
864 2471 932 2521 ordo
949 2469 1029 2520 huius
1046 2471 1170 2522 fabulae:

144 2540 186 2590 Ex
207 2541 329 2607 Aegypto
353 2538 589 2604 Epiviostasterius
614 2550 642 2590 et
658 2541 718 2591 Yon
740 2542 839 2590 iratres
856 2539 891 2590 ad
914 2539 1031 2593 insulam
1049 2540 1170 2608 Cyprum

146 2608 262 2675 proiecti
279 2614 356 2668 suut,
382 2614 463 2672 atque
486 2606 525 2657 ibi
543 2609 632 2659 sortiti
649 2624 761 2672 uxores,
784 2624 815 2660 cx
832 2623 951 2675 quorum
973 2623 1077 2671 genere
1095 2609 1171 2659 Celes

180 2683 304 2727 ocreatus
328 2681 383 2737 est,
408 2675 454 2741 qui
477 2674 575 2726 habuit
598 2677 749 2728 Erinonam
780 2677 831 2742 (al
860 2676 1045 2737 Erinomam)
1078 2678 1169 2727 liliam.

144 2693 220 2798 him
239 2760 301 2794 cum
321 2751 390 2794 esset
406 2742 508 2796 nimiae
524 2745 669 2810 castitatis,
691 2753 720 2796 et
735 2745 789 2796 hoc
813 2747 855 2811 (ob
875 2744 937 2805 boc)
961 2762 977 2794 a
994 2745 1120 2798 Minerva
1145 2754 1170 2794 ct

143 2813 233 2865 Diaua
250 2813 425 2877 diligeretur,
448 2812 547 2864 Veneri
571 2829 628 2864 esse
652 2814 744 2879 coepit
765 2814 872 2865 invisas
887 2829 957 2880 quse
975 2829 1040 2863 cum
1065 2816 1184 2881 puellae·

145 2881 262 2933 castitati
280 2880 468 2943 insidiaretur,
492 2882 520 2932 in
540 2897 666 2933 amorem
683 2883 740 2933 eius
757 2883 866 2950 impulit
882 2883 980 2932 lovem.
997 2882 1108 2950 -Quem
1126 2885 1171 2934 do-

144 2951 203 3002 lum
220 2958 365 3017 postquam
380 2949 448 2999 Iuno
466 2950 671 3013 animadvertit,
695 2958 725 3000 ut
747 2951 874 3002 fraudem
898 2951 995 3000 bande
1020 2961 1171 3020 superaret,

126 3019 216 3088 ,petit
239 3034 255 3066 a
277 3019 398 3081 Venere,
429 3024 460 3067 ut
488 3018 517 3069 iu
547 3035 674 3071 amorem
698 3019 805 3085 puellae
826 3020 952 3070 Adonem
975 3018 1172 3085 inflammaret,

146 3102 230 3154 quesn
249 3089 343 3150 (quam
353 3085 385 3146 2)
413 3094 591 3153 posteaquam
609 3088 682 3139 nulla
699 3089 796 3141 fraude
812 3087 958 3155 sollicitare
974 3087 1003 3137 in
1021 3089 1079 3139 eius
1095 3106 1171 3141 amo-

146 3170 208 3208 rem
224 3153 326 3224 putuit,
344 3152 457 3208 obiectis
474 3150 637 3222 quibusdam
656 3155 776 3221 nebulis,
792 3159 882 3223 ipsum
901 3157 1025 3207 adonem
1041 3157 1071 3211 in
1088 3175 1171 3225 peue-

64 3263 66 3266 .
146 3222 216 3274 trale
236 3223 350 3289 Virginis
375 3222 507 3288 produxit.
540 3225 581 3276 lte
602 3224 732 3295 pudicitia
748 3227 904 3295 puellaper
922 3225 1022 3276 umet
1043 3226 1171 3279 fraudem

146 3290 249 3354 caruit,
272 3291 319 3342 sed
335 3291 407 3342 hanc
424 3291 512 3345 Diana
528 3292 599 3344 irata
616 3293 800 3360 (miseramd)
824 3293 899 3345 circa
915 3293 1171 3360 Cisseumiluvinm

147 3359 176 3411 in
194 3375 327 3427 pavonem
345 3359 467 3412 mutavit.
499 3361 599 3415 Adonis
616 3377 680 3413 vero
706 3363 753 3414 ubi
777 3362 905 3432 cognovit
920 3379 948 3415 se
965 3372 1087 3416 amatam
1104 3364 1171 3415 Iovis

148 3428 270 3491 vitiasse,
294 3437 420 3479 metuens
436 3429 558 3496 profugit
573 3431 603 3481 in
620 3429 720 3480 montis
737 3431 824 3482 Cassii
839 3431 929 3494 silvas,
952 3431 1046 3499 ibique
1063 3433 1170 3483 immix-

64 3503 66 3507 ’
148 3503 191 3545 tus
208 3497 359 3561 agrestibus
375 3497 544 3562 versabatur,
568 3515 652 3566 quem
670 3499 731 3549 dolo
747 3496 881 3550 Mercurii
904 3508 997 3551 monte
1015 3498 1171 3565 deductum,

149 3580 212 3614 cum
230 3581 297 3632 aper
313 3581 419 3636 ¹quem
436 3565 544 3617 fabulae
561 3568 681 3619 Martem
700 3568 863 3634 loquuntur,
890 3569 1067 3620 vehementer
1091 3579 1185 3637 urge'

149 3640 207 3695 ret,
232 3640 259 3680 at
281 3631 314 3682 ab
339 3633 432 3708 sidone
455 3633 623 3701 vinceretur,
645 3645 760 3702 reperite
782 3637 889 3688 fulmen
911 3637 1032 3706 luppiter
1055 3638 1122 3689 iecit
1144 3647 1171 3688 et

149 3700 271 3754 Adonem
295 3701 379 3751 morti
403 3701 490 3752 dedit:
510 3704 557 3753 sed
580 3722 644 3756 cum
668 3706 756 3757 Venus
778 3704 887 3755 illusura
911 3706 976 3768 sibi,
1000 3714 1027 3757 et
1049 3715 1172 3758 mortem

150 3769 234 3821 amati
253 3769 351 3820 Adonis
374 3785 456 3838 saepe
474 3781 650 3835 quereretur,
674 3773 828 3824 Mercurius
852 3774 995 3824 miseratus
1017 3773 1173 3844 imaginem

149 3838 261 3903 Adonis,
288 3845 317 3887 ut
333 3838 420 3889 vivere
438 3839 611 3905 crederetur,
635 3841 668 3895 ad
685 3858 746 3891 suos
769 3842 864 3893 reduci
886 3842 959 3895 lecit.
992 3844 1060 3896 Iuno
1079 3854 1173 3896 autem

46 3906 61 3939 ⁹
147 3923 164 3958 a
187 3908 249 3960 Iove
272 3905 365 3978 petiit,
395 3915 425 3956 ut
447 3907 546 3958 Adonis
570 3914 599 3961 in
621 3910 689 3961 lucis
713 3909 808 3979 patriis
830 3927 929 3964 sessim
953 3911 1080 3983 degeret:
1110 3921 1172 3967 tum

171 4045 208 4096 18)
235 4049 297 4088 Adon
311 4049 366 4098 apud
380 4048 470 4100 Frslqeat.
484 4048 572 4102 Myuot.
584 4048 623 4096 ΠΙ,
638 4050 658 4090 2.
675 4053 768 4094 Vossius.
