2430 4620
260 327 296 368 u
323 285 721 385 VIRGIL.GEORG.1.
747 296 898 381 10-19.
978 330 983 347 ν’
1031 310 1104 384 su

60 480 307 542 mitiorem'vltam
324 492 464 564 docuerit,
486 478 690 551 rinocruram
706 492 840 562 viventes,
862 500 891 547 et
907 496 1014 565 primus
1030 498 1090 551 loos
1109 511 1114 526 ¹
1153 498 1156 503 ’

10 612 12 619 ,
59 567 141 611 'certa
155 560 315 611 nominibus
333 570 360 613 et
377 563 501 616 aedilicia
518 567 654 632 quaedem
670 566 798 646 locospue
816 568 975 628 sacraverit,
1000 582 1016 617 e
1034 576 1101 635 quo·

10 632 14 659 ³
59 635 92 681 et
115 629 182 680 fans
206 628 277 680 dicta
302 637 379 692 sunt3
401 632 460 701 ipse
483 639 576 683 autern
595 640 724 701 receptus
746 652 776 690 m
800 633 916 685 deorum
939 650 1090 687 numerum

10 698 17 749 ³.
58 697 193 751 creditur.
226 697 320 768 ltaque
344 700 429 751 etiam
452 700 596 752 oraculum
619 701 676 754 eius
700 702 731 754 in
747 702 885 773 Albunea,
907 703 1089 756 Laurentino·
1167 721 1169 729 ·

10 769 26 800 ²*
58 781 128 819 rum
144 765 218 833 silve,
234 775 282 819 est.
315 767 408 820 Plures
425 778 519 831 etitem
537 770 727 835 existimantur
743 773 801 824 ess'e
817 772 902 824 etiam
918 780 1089 847 praesentem

10 834 15 871 t
56 835 167 891 idcirco
190 836 298 886 trutinis
313 851 472 904 persuasum
491 845 548 903 est',
572 839 756 892 incolentibus
779 848 969 911 campartem
986 828 1089 906 ltaliae,

10 904 14 937 ἕ
58 916 137 972 quse
151 901 310 956 suburbana
333 912 388 971 est,
411 922 557 977 saepeseos
579 908 609 959 in
624 909 700 976 agris
717 909 845 977 conspici.
863 932 897 947 -
932 915 975 966 11.
992 909 1096 976 Dryn-¹

57 973 166 1040 desque
188 975 314 1040 puellae,-
341 973 464 1043 Dryadas
488 975 591 1045 puellas
613 975 695 1043 dicit,
724 993 790 1046 quas
814 976 862 1030 alii
884 977 1089 1045 Hamadryadas
1130 1028 1135 1047 Ι

57 1047 177 1106 vocant,
192 1049 221 1094 et
237 1059 282 1093 eas
299 1059 364 1092 cum
380 1049 483 1110 quercu
501 1044 575 1095 nesci
592 1051 620 1096 et
635 1044 751 1098 interire
768 1047 865 1112 simul,
881 1047 930 1097 sed
946 1045 1089 1101 diuturnas
1111 1080 1112 1084 =

55 1127 136 1177 csse,
157 1116 187 1162 et
208 1110 272 1162 inde
289 1112 492 1180 Hamadryadas
509 1114 603 1165 dictas.
636 1113 759 1184 Quercus
782 1115 859 1168 enim
874 1116 981 1166 Graem
997 1114 1090 1195 eppel·
1162 1145 1165 1149 -

55 1179 136 1232 latur
153 1174 233 1248 ripis:
253 1172 311 1248 ἅμα
327 1179 463 1248 significat
478 1181 569 1235 simul.
584 1213 617 1225 -
653 1182 816 1253 12.‘Tuque
833 1203 848 1236 o
866 1183 934 1244 ctos
950 1198 1042 1253 compr
1057 1183 1089 1235 in
1154 1226 1158 1233 .

55 1248 205 1301 Thessalia
220 1257 283 1300 sunt
298 1248 404 1316 Petrei,
426 1248 457 1302 iu
474 1249 573 1318 quibus
589 1250 678 1316 locus,
700 1251 782 1306 Petra
799 1252 929 1317 nomine,
945 1264 1089 1319 percussus

54 1315 177 1369 tridenti
191 1316 328 1384 Neptuni,
351 1328 453 1385 equum
477 1319 525 1386 qui
542 1318 662 1390 Scyphos
685 1329 812 1386 vocetur,
834 1321 926 1373 edidit.
969 1318 1089 1371 Romani

56 1391 155 1438 nutem
171 1386 333 1454 Neptunum
349 1394 505 1467 epsiestrem
529 1396 643 1456 vocent,
664 1387 767 1442 Graeci
782 1390 817 1440 Hi
837 1390 917 1460 pison
934 1388 1104 1457 l‘ossidonr,¹
1200 1396 1203 1403 '

54 1454 137 1524 quod
158 1463 321 1508 aestimetur
342 1469 471 1575 princeps
494 1457 608 1526 originis
631 1473 775 1526 equorum.
816 1410 852 1510 it
874 1459 978 1521 idcirco
1002 1457 1088 1511 etism

55 1526 161 1592 poitse
183 1524 309 1588 trudunt,
332 1540 348 1575 e
391 1543 423 1577 eo
447 1526 580 1577 donatum
604 1543 707 1595 equum
723 1528 843 1578 Adrasto
855 1528 970 1592 Arione,
993 1534 1022 1578 et
1046 1527 1089 1578 lu-

55 1592 132 1647 noni
146 1590 288 1644 Xanthum
304 1593 335 1644 in
352 1593 403 1656 (eti
415 1594 559 1663 Cyllaron,
582 1611 651 1664 qnos
671 1593 843 1649 illa'dederit
860 1595 969 1647 Castori
985 1601 1014 1668 et
1028 1595 1088 1646 Pol-

52 1663 124 1716 luci.
157 1659 212 1714 Sed
222 1661 324 1713 harum
336 1661 495 1715 fabularum
509 1671 537 1714 et
549 1679 566 1714 o
585 1664 686 1716 iuiouis
700 1664 782 1716 huius
796 1661 908 1724 initium
924 1671 967 1717 'est
982 1668 1090 1715 statura.

54 1731 136 1784 Nam
158 1731 226 1799 quia
246 1723 408 1783 animalium
431 1732 551 1784 materia
565 1679 679 1800 <liquore
694 1741 816 1800 constet,
840 1741 918 1796 etea
941 1733 1089 1807 praecipue
1163 1726 1165 1733 ’

55 1802 149 1855 essim
165 1800 251 1852 etiem
268 1799 420 1855 interram
436 1816 518 1852 causa
535 1808 575 1853 est
591 1801 785 1870 generationis.
818 1803 867 1854 Est
880 1809 994 1852 naturae
1006 1817 1090 1880 eque·
1185 1818 1190 1824 ¹

53 1868 124 1933 Me
147 1868 231 1933 adeo,
253 1876 284 1919 ut
308 1884 391 1938 eques
414 1876 523 1920 eertum
548 1869 583 1920 sit
604 1870 768 1940 plerumque
792 1888 807 1922 e
830 1877 912 1922 vento
934 1884 1089 1939 concipere.

56 1936 230 1991 Animalium
247 1953 311 1988 vero
335 1937 462 2003 seminis,
481 1937 534 1989 hoc
558 1945 600 1990 est
621 1937 735 2004 liquoris
757 1938 891 2003 universi,
912 1937 977 1989 deus
1002 1936 1091 1988 existi·
1129 1995 1131 2000 ,

54 2013 156 2060 matur
171 2006 329 2074 Neptunius,
351 2013 379 2056 et
394 2021 531 2073 equorum
548 2021 582 2058 eo
606 2007 708 2073 magis,
731 2007 804 2074 quod
827 2005 954 2074 planities
970 2005 1008 2057 eie
1023 2007 1091 2075 'coris

55 2074 237 2139 veniensis,
261 2091 331 2144 quae
350 2075 427 2143 aquia
450 2075 558 2126 eccidit.
575 2099 608 2111 -
644 2078 685 2133 14.
702 2074 845 2127 Et'cultor
863 2091 1025 2138 nemorump
1047 2072 1091 2129 in'*

54 2144 120 2197 sula
143 2150 184 2194 est
200 2145 256 2196 Ces
273 2145 302 2195 in
321 2147 418 2211 Aegeo
434 2143 522 2208 mari,
543 2143 573 2194 in
590 2150 653 2212 qua
668 2148 731 2194 sunt
747 2145 831 2195 urbes
848 2144 992 2212 qniettuor‘:
1016 2142 1090 2205 lulis,

56 2209 520 2281 cmtea,1.oepesse,coresos.
568 2212 611 2264 Ibi
633 2212 812 2264 existimatur
826 2215 909 2264 luisse
933 2211 1089 2281 pestilentis
1172 2225 1174 2230 ·

54 2295 196 2354 pecorum
228 2289 256 2332 et
279 2285 478 2332 *armentorum
508 2281 597 2348 gravis
626 2288 741 2348 propter
771 2281 914 2349 interitum
937 2279 1097 2332 Actaeonis.
1176 2312 1179 2317 -

55 2349 216 2414 Anienem
233 2357 403 2401 monstrante
427 2350 553 2420 Apolline
570 2356 666 2421 'patrm
691 2351 829 2420 proiectus
854 2357 897 2404 est
917 2349 1088 2402 in'insulam

55 2418 166 2484 Germ,
187 2425 216 2471 et
237 2418 277 2469 ibi
294 2417 426 2471 sacrificio
449 2421 538 2484 fecto,
564 2435 643 2472 eram
659 2420 714 2469 lovi
730 2420 841 2472 lemaeo
863 2417 1018 2483 constituit,
1041 2416 1089 2486 qui
1165 2472 1172 2480 ,

78 2487 176 2540 neatis
198 2486 315 2540 floribus
340 2495 368 2540 et
391 2494 482 2554 cestu,
504 2486 552 2556 uui
574 2487 713 2540 necabant
736 2497 764 2540 et
785 2495 912 2540 ermenus
929 2494 957 2537 et
978 2494 1090 2557 pecora,
1183 2486 1194 2541 .'

53 2502 188 2610 §iteravit
203 2575 245 2608 ea.
278 2557 339 2623 Ipse
355 2560 448 2607 sutem
466 2564 527 2626 post
542 2561 681 2609 excessmn
697 2555 782 2622 vitae,
797 2558 952 2626 imperante
968 2554 1092 2619 oraculo,

56 2624 99 2677 ab
122 2624 335 2676 immerentibus
358 2642 421 2677 earn
443 2625 574 2689 insulam,
602 2625 704 2676 relatus
732 2626 762 2677 in
791 2640 940 2678 numerum
963 2624 1090 2695 deorum,

56 2694 214 2766 appellatus
231 2701 273 2745 est
288 2695 404 2749 Nomius
422 2702 449 2745 et
466 2696 600 2761 Aegotos,
617 2692 689 2762 ruod
706 2701 734 2745 et
751 2694 852 2762 agresti
868 2693 959 2744 studio
976 2700 1005 2745 et
1020 2707 1088 2744 cura
1180 2702 1188 2715 ³

79 2778 195 2816 ecorum
211 2767 457 2828 armentorumque
480 2778 536 2813 non
548 2763 731 2814 ‘mediocriter
756 2763 899 2830 prolueret
921 2760 1105 2813 hominibus.'

102 2831 194 2884 editur
215 2831 284 2882 haec
308 2831 422 2882 historia
445 2830 479 2881 de
496 2830 619 2883 Aristaeo
642 2831 673 2882 in
696 2836 813 2900 corpore
831 2832 1058 2900 Argonautarum
1071 2846 1088 2881 a

57 2901 187 2952 Varrone
200 2899 324 2951 Atacino.
341 2924 376 2936 -·
417 2904 459 2958 15.
477 2898 617 2963 Dumna,-
637 2906 666 2950 et
688 2904 784 2968 aspera
801 2900 868 2951 'loca
893 2907 920 2951 et
943 2904 1096 2971 montuos'e

57 2968 199 3021 dicuntur.
215 2973 249 3004 ·'-
286 2972 326 3024 16.
344 2967 408 3035 lpse
422 2976 486 3028 etc.;
513 2970 602 3034 Pons,
623 2969 723 3019 Inuum
746 2967 838 3020 Latini
862 2959 1090 3039 interpretantur,

57 3036 139 3088 cuim
161 3035 324 3104 religionem
341 3034 435 3088 Italiae
457 3039 547 3088 lerun-
569 3037 691 3088 innuisse
708 3037 847 3088 Euander.
878 3037 940 3088 Sed«
954 3033 1089 3100 creditur,

57 3113 176 3175 propter
192 3106 247 3156 duc
271 3113 451 3173 argumente,
473 3105 524 3156 sub
549 3105 607 3156 'eius
630 3103 744 3156 nomine
768 3113 796 3157 et
820 3105 950 3157 vocabulo
964 3100 1092 3175 luppiter

57 3174 129 3238 coli,
145 3175 163 3224 i.
181 3190 206 3225 e.
222 3174 355 3235 muudus3
372 3191 490 3242 quorum
507 3189 594 3224 tinum
611 3181 666 3238 est,
684 3170 759 3242 quod
773 3175 829 3224 lun
846 3174 982 3242 significat
992 3189 1093 3240 omne,

56 3241 78 3298 ἰ.
96 3259 121 3295 e.
139 3243 293 3295 universam
311 3252 454 3303 natursm3
478 3242 612 3307 cherum,
633 3243 707 3312 quod
724 3241 834 3293 hinnuli
855 3240 1096 3317 pellis-qua'tegi-'

56 3318 108 3363 tur
123 3311 239 3363 varietas
257 3313 371 3362 maculis
386 3311 512 3363 imitetur
529 3310 627 3361 stelles.
660 3310 804 3362 Maenalus
829 3319 856 3362 et
872 3311 994 3378 hyoseris
1010 3326 1098 3363 mon*

57 3386 103 3432 tes
119 3387 183 3431 sunt
198 3380 346 3442 Arcadiam
369 3379 478 3449 Tegees
496 3379 621 3430 eiusdem
645 3380 792 3449 oppidum,
814 3379 891 3430 cuius
912 3379 1027 3432 nomine
1050 3385 1091 3432 est

58 3448 90 3502 in
108 3447 209 3500 Tuscis
231 3449 268 3500 ab
292 3448 413 3500 exulibus
429 3447 565 3500 Arcadiae
585 3447 652 3498 urbs
675 3449 798 3500 conditas
811 3474 846 3486 -·
888 3454 931 3506 18.
949 3448 1104 3517 Oleceque‘

58 3516 193 3570 Minerva
216 3526 285 3580 etc.;
305 3522 405 3587 putant
419 3532 489 3568 ‘earn
514 3515 626 3583 quidem
647 3522 676 3568 et
697 3517 859 3584 Neptunum
882 3517 1094 3569 contentionem

57 3585 96 3639 de
111 3585 224 3640 Athenis
240 3586 383 3650 habuisse,
407 3587 495 3635 utrius
511 3583 578 3633 urbs
602 3584 716 3636 nomine
737 3585 901 3655 appellenda
920 3583 1009 3649 'esset3
1035 3585 1087 3636 Nc-

56 3663 179 3722 pttrnnm
191 3655 311 3708 tridente
324 3653 487 3725 percussisse
500 3668 603 3716 arcem,
620 3661 649 3705 et
659 3655 724 3707 inde
737 3655 891 3724 prosiluisse
908 3659 934 3704 a
947 3670 1010 3704 uam
1026 3653 1089 3704 salsi

57 3723 188 3790 haustus,
212 3731 241 3776 et
256 3724 392 3790 hodieque
410 3723 515 3772 iontem
538 3723 569 3772 in·
586 3739 619 3774 ea
638 3736 702 3775 urse
719 3722 841 3793 Neptuni
864 3739 935 3792 appe
954 3719 1010 3784 ar'i3
1034 3721 1106 3773 Mi«

56 3796 173 3844 nervam
194 3792 253 3843 ictu
276 3791 392 3861 cuspidis
416 3790 444 3841 in
468 3790 544 3840 idem
568 3791 660 3843 oleam
676 3808 817 3852 evocasse3
839 3790 992 3859 quosquis
1016 3791 1089 3841 utilis

57 3867 130 3912 esset
145 3859 319 3920 hominibus,
344 3859 370 3910 ei
393 3858 503 3910 cessisse
519 3859 644 3911 Athenas.
663 3887 696 3898 -
732 3867 775 3918 19.
795 3859 919 3926 Uncique
936 3875 1006 3925 puer
1023 3868 1088 3916 etc.;

57 3929 174 3999 quidam
191 3936 290 3999 putant
302 3927 512 3996 Triptolemum
525 3928 644 3979 Atticum
661 3929 823 3997 dicionem
840 3928 871 3981 in
888 3926 989 3979 volucri
1005 3941 1089 3978 curru

59 3998 176 4051 tradsmt
198 4001 300 4066 poetae,
321 3997 415 4064 fruges
437 4004 530 4049 terras
553 3997 718 4063 reddidisse3
751 3997 865 4079 quidem
886 3996 1013 4060 Braaser,
1042 3994 1091 4056 mii

61 4067 169 4140 primus
191 4064 326 4120 invenisse
343 4064 512 4120 existimetur
537 4066 634 4122 naudi
659 4078 749 4121 nsunt.
782 4064 838 4120 Sed
853 4071 978 4133 constat,
998 4063 1094 4116 multis
