2430 4620
153 314 197 359 m
223 230 422 343 «Νι
448 285 621 352 arnam.
642 284 724 352 na.
744 285 800 362 11,
820 294 1017 363 aas-tro.
1090 296 1135 367 ss
1189 268 1198 287 '

99 487 210 539 atmiis,
238 449 668 543 ⁸9⁰⁰⁴ll²¹1verbapaiuntun
690 470 734 544 [er
744 469 827 543 face,
849 473 918 527 dice.
953 475 1026 528 oum
1042 477 1134 545 pauo

99 555 168 613 tice,
198 521 511 611 expfefffiltttxpressa
533 553 628 596 atatem
651 544 803 596 festinantis
820 545 909 595 oratio
932 558 988 612 qua
1004 547 1132 598 Turnum

102 634 135 668 on
158 594 324 684 praedast
341 585 515 677 limaturam]
548 611 707 678 Mortalis,
732 626 776 664 ars
797 612 912 680 quidem
935 613 1076 679 exigebat,
1100 622 1132 665 nt

99 694 128 734 aa
142 676 285 734 haberet
305 675 455 743 attentum,
473 684 506 747 ni
523 680 623 798 {enim}
640 680 720 744 longa
758 680 851 731 uidem
869 689 923 733 ost:
939 683 987 732 sed
999 687 1034 734 'er
1051 691 1129 736 muta

99 761 115 803 tt
126 748 265 818 liquida:
279 731 365 809 ,ΨΜ
382 749 501 811 quotiens
535 750 571 813 it,
597 748 679 802 tertia
696 697 819 817 [syllaba]
842 767 859 802 a
874 749 930 800 fine
954 751 1068 803 sortitur
1084 768 1130 804 ac·

99 812 224 880 seinaim,
254 817 290 862 ut
310 804 435 879 latebrae,
458 819 593 867 te‘nebrae.
627 817 734 868 Tamen
756 817 786 868 in
804 818 857 868 hoc
875 825 1019 884 sermone,
1042 826 1074 869 ut
1089 835 1132 873 se·

99 888 181 937 :unda
200 903 220 935 a
240 882 304 933 fine
322 873 414 933 habeat
430 894 590 950 accentum,
607 901 669 935 usus
685 885 811 936 obtinuit
846 885 1001 952 Maniplis3
1019 886 1131 954 signite-

99 954 142 1013 εἰη
163 954 239 1023 quia
259 945 407 999 sectandum
425 955 569 1022 antiquum
587 960 697 1005 rnorem
720 953 749 1004 in
773 954 882 1022 legione
898 962 979 1007 erant
1002 953 1129 1024 triginta}

99 1020 160 1088 legio
187 1029 296 1073 autem
318 1015 432 1072 habebat
453 1023 550 1074 decem
578 1021 630 1089 (al.
655 1033 771 1088 septem·
794 1022 874 1075 Basil.
899 1021 966 1084 sea)
991 1023 1131 1090 cohortes,

99 1092 234 1158 sexaginte
253 1086 399 1139 centurias.
431 1089 511 1142 Licet
527 1090 556 1141 in
580 1091 623 1142 his
639 1091 722 1161 rebus
744 1107 854 1142 accessu
878 1089 1012 1160 temporis
1027 1091 1130 1145 aueum

100 1157 207 1229 satietas
224 1172 345 1225 semper
359 1159 505 1212 mutaverit
521 1159 637 1210 militiae
657 1157 836 1230 disciplinam.
853 1159 1129 1228 -1'4648qaitem

103 1231 161 1285 etta
181 1229 310 1294 equitem
329 1227 360 1276 in
378 1229 480 1292 armis,
496 1228 515 1279 i.
533 1246 555 1280 e.
578 1235 728 1279 armatum.
763 1229 836 1279 Nam
863 1227 952 1296 figttra
968 1235 1018 1281 est.
1046 1227 1127 1293 ‚Mes-

106 1309 177 1359 sapus
194 1304 298 1348 autem
315 1301 346 1343 at
361 1295 472 1360 diceret,
488 1295 581 1348 vitavit
598 1292 807 1365 ὀμοιοτέλευτον.
842 1294 916 1349 Nam
928 1296 1056 1348 vitiosum
1068 1305 1130 1350 arat

106 1360 194 1415 Valuse
214 1364 320 1426 Edioe,
343 1360 480 1429 Messape.
516 1365 591 1431 Ergo
606 1365 759 1432 Messapus
782 1371 830 1418 aut
846 1366 974 1434 antiquus
992 1365 1130 1419 vocativus

99 1437 148 1495 est,
169 1439 201 1482 ut
226 1436 276 1500 (8,
294 1430 361 1492 77.):
384 1430 442 1482 Hes
462 1433 570 1483 eridum
581 1434 697 1505 fluuius
715 1447 847 1502 regnator
864 1451 1011 1501 aquarum.
1043 1434 1129 1489 ltemt

99 1496 171 1551 Sacer
189 1518 275 1551 arina
292 1499 417 1550 Latinus
434 1451 541 1552 liabeto.
574 1509 628 1554 Aut
650 1510 725 1555 certe
749 1503 932 1555 nominativus
955 1511 997 1555 est
1012 1514 1065 1570 pro
1082 1520 1129 1554 vo·

99 1568 193 1620 aare:
219 1584 384 1637 quanquam
400 1570 485 1638 possit
502 1570 586 1620 etiam
604 1570 876 1635 nominativus'esse,
897 1579 929 1621 ut
943 1572 995 1637 sit,
1017 1570 1128 1622 Messa.

99 1650 145 1703 pus
161 1649 187 1687 et
206 1635 299 1687 Coras
316 1638 435 1705 equitem
453 1638 620 1707 diffundite,
637 1655 688 1708 pro
707 1639 879 1708 diffundam.
912 1638 1015 1691 Melior
1031 1647 1127 1695 tamen

99 1720 182 1764 renam
207 1712 252 1758 est
273 1706 410 1782 superior.
430 1733 465 1744 -
507 1711 569 1764 tot
594 1706 664 1757 Cum
683 1707 777 1775 fratre
802 1708 905 1772 Coras3
934 1707 1039 1759 scilicet
1062 1724 1128 1762 cum

99 1772 204 1824 Catillot
237 1790 305 1825 nam
328 1774 448 1842 legimus
477 1777 531 1840 (7,
554 1776 646 1836 672.):
678 1777 867 1842 Catillusque,
896 1788 1012 1840 acerque
1038 1775 1127 1829 Carae

99 1842 197 1910 Argiva
217 1843 362 1893 iuuentus.
382 1867 415 1879 —
448 1846 512 1900 467.
530 1841 594 1908 Qua
614 1847 709 1905 iusso;
735 1862 789 1913 qna
805 1846 925 1894 iussero:
949 1852 976 1896 et
999 1852 1040 1896 est
1056 1847 1128 1898 ariti-

99 1926 185 1978 quum.
203 1936 241 1946 —
274 1915 338 1968 468.
356 1908 452 1976 Ilicet,
474 1912 638 1977 confestim,
660 1913 739 1978 ilico,
761 1912 836 1982 qnod
853 1930 888 1965 ne
907 1911 1027 1977 diceret,
1043 1916 1128 1968 metri

99 1978 241 2030 necessitas
263 1980 340 2031 feeit.
376 1980 449 2031 Nam
474 1981 541 2030 ilica
565 1980 689 2031 dicimus.
712 2007 748 2037 ε
788 1986 849 2037 469.
866 1979 976 2047 Magna
1001 1984 1127 2048 incepta,

99 2048 156 2115 quia
173 2048 209 2098 de
226 2065 297 2117 pace
316 2047 473 2115 cogitabat,
496 2064 567 2116 qnae
591 2049 701 2121 impleri
717 2067 773 2101 non
790 2048 887 2118 potuit.
904 2075 939 2085 -
971 2052 1033 2105 tto
1050 2050 1128 2102 Mul·

99 2125 174 2182 uque
193 2133 225 2166 se
243 2118 375 2178 incusat3
399 2125 450 2184 pro
476 2112 602 2167 multum.
637 2122 672 2167 at
695 2119 860 2170 estGraeca
882 2117 978 2185 ligura.
996 2143 1029 2153 -
1063 2121 1127 2176 472.

99 2181 292 2251 Generumque
309 2186 444 2236 asciverit
462 2186 541 2245 urbi3
558 2186 593 2252 [i.
611 2185 649 2250 e.]
665 2195 778 2255 propter
795 2186 911 2249 urbem,
929 2187 1075 2254 [quantum
1092 2187 1127 2240 dt

99 2253 289 2369 &assantibus
313 2253 397 2305 rebus
411 2251 613 2322 colligebatur]
647 2251 773 2306 Lucanus
790 2255 824 2305 de
842 2254 946 2306 Catone
969 2259 1022 2318 (2,
1037 2255 1126 2317 388)ὲ

121 2323 164 2372 rbi
188 2333 272 2388 pater
294 2331 352 2386 est,
382 2323 500 2388 urbique
526 2325 654 2372 maritus.
698 2322 791 2372 Gener
814 2330 907 2374 autem
930 2322 994 2379 ideo
1016 2321 1127 2388 dicitur,
1188 2359 1190 2365 -

99 2389 156 2458 nia
179 2390 218 2446 ad
242 2390 402 2459 augendum
425 2404 511 2460 genus
530 2389 690 2443 adhibetur.
706 2417 741 2428 —
781 2394 843 2447 473.
862 2390 1048 2458 Praefodiunt
1071 2390 1128 2444 alii

99 2470 204 2522 ranam
223 2458 243 2509 i.
253 2477 280 2511 e.
297 2466 362 2511 ante
378 2468 479 2530 portas,
495 2461 579 2510 fossas
596 2459 715 2511 faciuntt
732 2459 796 2527 [hoc
813 2457 890 2511 enirn
906 2457 1030 2526 estquod
1044 2474 1127 2527 supra

99 2527 171 2578 lixit:
197 2525 271 2578 Pars
290 2529 386 2578 aditus
405 2530 485 2578 urbis
497 2526 646 2596 firments]
670 2543 740 2594 qtrae
763 2543 808 2580 res
825 2527 943 2579 nimiam
964 2527 1126 2594 indica[ba]t

99 2594 327 2664 lesperationem.
344 2619 379 2636 -
420 2599 483 2653 474.
508 2597 584 2647 Bello
611 2596 658 2647 dat
681 2605 746 2656 etc.;
770 2594 938 2663 [buccinam]
961 2595 1032 2647 bene
1055 2597 1125 2648 belle

99 2665 155 2727 iat,
176 2679 248 2716 nam
273 2667 313 2733 [et
330 2667 443 2733 propter
466 2663 530 2728 hoc]
551 2664 668 2715 buccina
690 2665 829 2715 insonans.
856 2662 1071 2715 sollicitudinem
1094 2680 1127 2716 ac

99 2732 164 2784 tella
188 2734 343 2784 denuntiat
377 2733 420 2784 Sic
444 2733 474 2784 in
497 2734 615 2803 septimo
637 2733 737 2798 (519.):
761 2731 839 2800 Quia
865 2733 985 2783 buccina
1009 2734 1038 2782 si
1058 2748 1127 2784 nam

99 2799 166 2852 Dira
192 2802 278 2852 aledis.
319 2801 458 2854 Proelium
483 2809 578 2853 antem
602 2802 684 2850 tabae
705 2801 842 2852 indicant:
864 2808 895 2851 ut
916 2805 959 2867 (9,
978 2750 1066 2866 5035:
1090 2803 1126 2853 At

99 2871 159 2920 nto
179 2871 338 2920 terribilem
355 2872 480 2922 sonitum
498 2871 597 2936 procul
621 2887 683 2919 aere
708 2886 810 2919 canoro
829 2869 980 2934 Increpuit.
997 2892 1031 2905 ·—
1064 2873 1126 2929 476,

99 2939 271 3001 'Matronae3
288 2955 363 2990 nunc
380 2939 509 2990 feminae.
545 2938 664 3006 Quidam
687 2954 751 2988 sane
768 2937 954 3001 arbitrantur,
975 2937 1050 2990 inter
1068 2955 1125 2989 ma·

99 2998 204 3058 ianam
225 3014 253 3058 et
271 3008 519 3077 matremfamilias
535 3005 588 3058 hoc
613 3006 757 3070 interesse,
781 3006 859 3073 quod'
871 3017 1002 3056 matrona
1021 3003 1127 3058 dicatur

99 3076 181 3145 prima
199 3075 285 3144 Pueri
301 3083 407 3140 mater,
425 3071 642 3143 materfamilias
657 3090 729 3141 quae
746 3073 837 3142 plures
854 3079 970 3144 peperit.
1003 3073 1056 3125 Alii
1072 3076 1126 3128 hoo

99 3153 189 3212 putant
214 3143 333 3208 rectius,
358 3156 514 3196 matronam
538 3143 592 3194 diei
610 3159 680 3210 [fuae
703 3144 733 3192 in
757 3141 968 3194 matrimonium
985 3157 1051 3193 cum
1066 3144 1127 3195 viro

99 3213 261 3277 :antenerin
278 3219 306 3263 et
322 3213 352 3262 in
365 3228 398 3264 eo
414 3212 594 3264 matrimonio
612 3209 752 3275 rnanserit,
769 3211 852 3262 etiam
868 3211 890 3260 si
907 3209 987 3278 libori
1001 3209 1126 3262 nondum

99 3278 212 3333 fuerint‘t
229 3280 334 3332 dictam
346 3282 441 3331 matris
455 3281 568 3331 nomine
584 3296 630 3346 spe
643 3285 724 3345 atque
736 3278 836 3342 omine,
853 3277 926 3330 unde
939 3286 967 3330 et
983 3279 1127 3331 matrimo-

99 3351 168 3401 nium
184 3351 305 3410 dictum,
318 3362 430 3399 matrem
445 3365 508 3401 vero
516 3349 653 3417 familias
665 3363 726 3397 eam
741 3362 797 3398 esse
808 3363 878 3414 quae
891 3346 919 3396 in
932 3348 1026 3399 mariti
1039 3361 1126 3400 mauu

99 3418 301 3488 mancipioque,
326 3418 418 3469 autin
436 3418 507 3482 eius,
531 3419 559 3466 in
578 3414 655 3465 cuim
672 3416 801 3479 maritus,
826 3431 911 3465 manu
929 3417 1124 3483 mancipioque

99 3496 172 3549 sset,
190 3485 326 3553 quoniam
343 3487 372 3536 in
389 3486 526 3538 familiam
544 3496 653 3551 quoque
670 3484 762 3533 mariti
780 3491 807 3533 et
824 3482 865 3532 sui
882 3482 996 3535 heredes
1011 3485 1061 3550 (sui
1078 3485 1127 3537 he·

99 3555 163 3606 redis
194 3555 305 3613 locum)
329 3556 452 3606 venisset.
499 3553 550 3605 Alii
574 3563 718 3602 matronas
742 3548 866 3619 Virgines
895 3548 1001 3603 nobiles
1022 3549 1126 3618 dicunt,

99 3623 329 3692 matresfamilias
343 3638 407 3673 vero
424 3624 485 3674 illa's
501 3638 572 3690 quae
589 3621 618 3672 in
635 3619 844 3670 matrimonium
858 3634 908 3688 per
921 3620 1126 3688 coemptionem

99 3699 291 3743 :ouvenerunt
324 3692 396 3741 Nam
414 3710 467 3761 per
481 3690 618 3758 quandam
636 3689 705 3738 Iuris
721 3688 912 3739 solennitatem
936 3688 965 3738 in
989 3689 1126 3743 familiam

99 3761 215 3827 angrant
237 3759 341 3810 mariti.
381 3762 457 3811 Inter
482 3772 595 3808 matrem
622 3770 702 3820 vero,
728 3762 756 3807 et
782 3768 896 3806 matrem
912 3755 1050 3824 familias
1072 3757 1125 3808 hoo

99 3828 218 3893 nterea,
241 3827 319 3896 qnod
337 3841 423 3879 mater
441 3834 495 3892 est,
518 3834 629 3895 praeter
652 3826 731 3875 illem
753 3824 982 3890 significationem
998 3841 1069 3894 quae
1085 3835 1127 3877 est

99 3897 124 3948 nl
148 3897 269 3964 aliquid,
298 3912 369 3963 qtrae
391 3905 501 3949 tantum
525 3895 650 3945 convenit
678 3894 708 3943 in
730 3892 955 3958 matrimonium,
981 3894 1056 3962 quod
1078 3894 1126 3944 alii

99 3967 327 4033 aaarfamilias,
349 3965 419 4016 sieut
435 3964 489 4014 hoc
506 3963 567 4014 loco
584 3961 688 4013 dictum
706 3968 760 4027 est,
782 3961 1009 4027 applicaverunt,¹
1025 3973 1126 4012 mater-

99 4033 221 4100 familias
240 4049 318 4098 vero,
333 4050 404 4103 qua-e
422 4034 556 4098 convenit,
573 4039 603 4081 ut
620 4031 677 4082 iam
694 4027 819 4094 diximus,
835 4043 885 4099 per
903 4029 1128 4096 coemptionem]

888 4148 926 4206 3*
