2430 4620
149 268 214 329 172
411 262 550 337 stitvn
574 264 942 333 COMMENTARIUS.

147 458 268 513 qnonsm
290 462 341 516 per
365 445 560 515 antiquitatem
582 444 670 497 latent
691 455 827 517 pereniter.
861 448 912 497 Hic
933 462 999 499 cum
1017 449 1053 500 cle
1070 450 1175 518 Melpo·

147 530 245 578 mene,
267 516 308 566 sel
329 523 359 565 nt
381 517 494 584 qnidam
519 516 612 567 dicunt
635 515 670 566 ‹lc
694 515 818 583 Calliope
834 514 949 583 syrenen
972 517 1080 570 buliens
1102 520 1178 581 filias,

146 584 294 651 sinisisset,
317 594 344 635 et
368 600 497 637 moerore
520 584 716 648 conticeretur,
744 585 877 637 amilium
900 586 996 636 rustris
1020 586 1124 651 oravit,
1148 596 1176 637 nt

146 652 200 703 sibi
228 654 285 705 seni
315 653 403 703 lanas
432 652 588 705 remedians
614 661 781 719 praesuret3
810 669 883 722 quae
914 654 1049 707 nsiscrsus
1080 655 1175 719 filiurn,

146 720 288 792 psutsetia
304 722 390 771 antris
407 720 480 791 iqtra
496 737 525 772 se
542 721 649 781 obrtut3
665 722 710 770 cui
727 730 835 791 postes,
852 730 882 771 ut
899 738 1053 789 pcremrem
1071 727 1174 776 sarnam

145 791 266 843 nominis
290 789 382 853 daret,
412 789 442 840 in
466 790 587 841 Aetolica
614 789 729 856 regione
743 790 874 842 -llusium
904 791 1029 843 eituclesn
1051 793 1173 844 vocabuli

144 858 222 913 nuci
237 861 321 923 tecit,
344 874 428 926 quern
452 857 575 909 nonnulli
594 855 626 909 de
644 858 730 908 Pindo
751 867 846 911 monte
863 859 1019 913 Thessaliae
1042 862 1114 915 oriri
1130 860 1172 913 sd-

144 936 247 981 terunt.
281 932 362 979 Circe
378 927 452 978 hunc
468 926 612 996 Staphylus
629 926 717 978 Oenei
735 936 844 992 pastor,
860 944 925 979 curn
940 929 1173 983 animadverteret

145 1013 177 1049 ex
192 996 283 1067 capris
301 1013 384 1048 tinam
402 1012 459 1048 esse
476 992 700 1064 pinguissimam,
723 995 857 1048 intellexit
879 997 907 1049 id
931 997 1024 1067 pabuli
1048 999 1173 1051 ubertate

143 1064 219 1127 fieri;
241 1075 349 1118 secutus
366 1067 459 1134 itaque
477 1066 610 1130 eandem,
633 1081 697 1115 cnm
714 1065 822 1117 vidisset
839 1066 896 1116 nris
912 1067 997 1129 vesci,
1014 1067 1174 1131 admiratus,

146 1134 360 1199 «tantitatem,
377 1142 404 1186 et
421 1134 609 1197 dnlcedinem,
624 1133 787 1200 decerptum
803 1136 925 1185 fructum
941 1135 1058 1202 protulit
1073 1137 1173 1202 (Heius.

143 1202 254 1270 pertul.)
270 1204 345 1271 regi,
362 1205 409 1271 qui
426 1218 491 1253 curn
508 1203 645 1270 liquorem
663 1202 848 1272 expressisset,
865 1221 882 1255 a
898 1219 947 1254 sno
964 1206 1080 1257 nomine
1097 1222 1172 1256 voca·

143 1272 181 1323 vit
197 1270 311 1332 Oenon,
336 1272 371 1321 sb
388 1272 532 1323 inventore
548 1271 713 1341 Staphylem.
753 1271 806 1323 Sed
822 1270 952 1325 Hercules
968 1289 1034 1325 cum
1059 1282 1170 1344 propter

143 1355 257 1391 uxorem
280 1338 442 1391 Deianiram
464 1356 529 1391 cum
553 1340 672 1392 Asheioo
689 1339 878 1404 contenderet,
903 1357 992 1392 corun
1009 1343 1070 1395 eius
1087 1358 1170 1394 unum

141 1407 239 1489 fregit,
261 1409 335 1478 quod
359 1409 466 1461 Graece
489 1412 568 1476 siqua
592 1407 711 1475 dicitnr]
744 1408 815 1460 Saue
833 1408 964 1462 Achelois
981 1426 1039 1463 non
1061 1419 1168 1481 praeter

142 1485 281 1529 rationem
296 1478 376 1529 dixit:
392 1493 461 1529 nam
477 1479 547 1528 sicut
565 1476 693 1548 Orpbeus
709 1477 804 1540 docet,
820 1478 860 1545 [et
875 1480 1071 1549 Aristophanes
1084 1480 1165 1531 ‹nmi-

142 1562 206 1613 cus,
228 1554 257 1598 et
272 1546 398 1614 Ephorus
421 1547 565 1599 historicus
581 1546 707 1610 tradunt,
729 1545 892 1611 Acheloum]
915 1549 1080 1616 generaliter
1094 1550 1166 1617 [pro-

63 1667 67 1673 ,
142 1623 205 1686 pter
227 1615 420 1686 antiquitatem
443 1614 581 1680 fluminis,
604 1611 728 1678 omnem]
750 1631 851 1684 aquam
874 1625 980 1668 veteres
1004 1616 1168 1685 (acheloum)

142 1682 283 1736 vocabant.
323 1684 374 1735 Sed
400 1685 465 1753 qnia
486 1683 640 1754 specialiter
664 1684 777 1751 quidm
800 1683 898 1735 fluvius
912 1685 1049 1743 Achelosu
1064 1685 1173 1750 (licitur,

142 1760 191 1806 sut
205 1752 310 1821 species
326 1761 367 1805 est
383 1768 435 1822 pro
452 1768 568 1821 genere:
592 1760 640 1802 aest
654 1753 807 1805 secundum
825 1753 1018 1821 antiquitatem
1035 1761 1079 1807 est
1097 1753 1169 1807 locu·

141 1829 193 1874 tus.
227 1820 334 1890 Pingui
352 1825 458 1885 arista5
475 1823 591 1873 aristam
609 1821 693 1872 modo
710 1837 763 1888 pro
779 1823 920 1872 frumento
936 1806 1066 1894 [posuit,]
1081 1831 1110 1875 et
1124 1822 1170 1874 ad·

141 1891 242 1945 tecmte
258 1891 299 1942 ait
320 1891 455 1960 pinguem
479 1890 607 1953 aristam,
630 1906 716 1958 qurum
741 1891 855 1960 proprie
876 1891 960 1943 arista
984 1892 1020 1943 ab
1041 1891 1170 1944 ariditate

141 1959 178 2012 tit
198 1960 280 2012 dictu.
297 1987 330 1997 -
373 1967 415 2018 10.
431 1961 465 2009 Et
490 1977 539 2011 vos
564 1973 704 2028 agrestum
727 1961 887 2026 praesentia
913 1959 1168 2025 nurnina'Feuniq

140 2027 215 2092 be„
237 2030 370 2100 propitia:
395 2036 425 2078 nt
441 2029 482 2095 (E.
501 2036 532 2093 1,
548 2028 617 2089 Ml:
642 2028 700 2079 Nec
724 2041 781 2078 tam
803 2041 960 2096 praesentes
979 2031 1053 2082 aliti
1070 2046 1171 2097 cogno·

142 2114 217 2169 scerq
240 2099 338 2153 diuum
361 2112 480 2165 qnorum
504 2100 659 2165 praesentia
683 2098 760 2149 favor
784 2106 832 2148 est
864 2098 903 2148 Et
919 2098 990 2150 bene
1006 2099 1043 2151 de
1059 2098 1171 2151 diversis

140 2165 224 2233 rebus
240 2166 364 2217 dicturus
381 2165 486 2218 diversa
503 2168 611 2218 invocat
627 2167 750 2218 numina.
783 2166 860 2234 [Hoc
883 2167 958 2218 enim
983 2175 1011 2219 et
1032 2170 1064 2219 in
1085 2169 1170 2220 sacris

139 2234 201 2288 fieri
218 2235 339 2298 solebat,
363 2244 393 2284 ut
409 2241 470 2303 post
486 2235 616 2301 specialia
632 2235 667 2286 ad
684 2251 747 2288 eam
763 2251 840 2299 rem,
855 2236 890 2287 de
907 2251 961 2303 qua
978 2236 1115 2306 agebatur
1129 2237 1170 2289 in·

139 2311 234 2354 vocata
251 2305 385 2368 numina,
408 2319 504 2354 omncs
522 2304 559 2354 dii
577 2304 618 2356 vel
635 2305 703 2356 deae
720 2305 833 2354 confuse
850 2303 1051 2357 invocarentur.
1085 2304 1168 2356 Prae·

139 2375 231 2423 sentis
250 2376 369 2423 numina
389 2370 499 2436 Fauni,·
518 2374 670 2442 praeseutia
688 2373 819 2441 qnoniam
837 2373 964 2424 dicuntur
982 2389 1067 2442 usqne
1084 2375 1120 2426 ud
1137 2393 1170 2427 es

138 2449 281 2512 tempora,
323 2441 402 2493 nibns
427 2441 479 2491 init
495 2443 618 2506 Fauian,
642 2443 688 2510 qui
705 2442 793 2493 dictur
816 2450 856 2492 est
874 2459 890 2491 a
913 2442 1011 2506 lando,
1036 2441 1092 2494 vita
1110 2460 1167 2495 esse

138 2511 261 2562 numina.
302 2459 558 2577 {nidam'l'nunos
582 2518 680 2579 putant
702 2511 789 2561 dictos
811 2509 848 2560 ab
871 2527 919 2573 eo,
947 2509 1021 2578 quod
1044 2512 1168 2579 frugibus

136 2580 253 2631 faveant.
303 2579 414 2630 Cincius
437 2586 466 2629 et
488 2580 595 2631 Cassius
618 2580 695 2630 aiunt
717 2579 752 2630 ab
778 2579 906 2631 Euandro
931 2581 1056 2631 Faunum
1085 2582 1168 2633 deum

138 2647 321 2719 appellatum,
350 2648 467 2714 ideoque
495 2649 576 2700 aedes
605 2665 711 2710 sacras„
742 2647 858 2698 Faunus
890 2648 980 2717 primo
1011 2648 1169 2735 appellatas,

136 2725 231 2788 postea
243 2717 320 2787 fanu
338 2717 426 2776 dicta;
453 2723 529 2771 etex
548 2733 598 2779 eo,
615 2717 661 2784 qni
679 2718 772 2768 futura
789 2721 996 2785 praecinerent,
1013 2716 1167 2783 lunaticos

137 2786 200 2839 dici.
217 2813 251 2823 -
288 2793 329 2844 11.
347 2785 496 2850 Faunique
513 2787 624 2852 pedem5
647 2801 712 2835 cnm
730 2801 798 2835 unua
815 2786 923 2836 Fuimus
940 2785 975 2835 sit
990 2801 1041 2836 cur
1057 2786 1168 2856 plurali·

137 2865 179 2908 ter
197 2854 305 2926 posuit?
322 2859 336 2886 ⁴¹
351 2872 416 2906 sese.
452 2854 505 2907 Sed
520 2857 606 2905 Varro
620 2854 655 2904 atl
668 2855 833 2904 Ciceronem
846 2855 891 2919 (de
906 2853 985 2921 Ling.
998 2853 1061 2905 Lat.
1073 2874 1101 2925 p.
1113 2857 1167 2917 72.)

115 2983 119 2992 Ι
137 2924 178 2976 ita
193 2926 243 2975 ait:
262 2922 317 2974 Dii
334 2921 505 2974 Latinorum
524 2927 573 2985 itu,
591 2931 620 2972 ut
637 2923 744 2973 Faunus
762 2931 789 2973 et
802 2924 894 2975 l‘anna
911 2923 946 2972 sit
962 2940 1012 2992 per
1029 2925 1043 2954 *
1059 2941 1094 2988 ea
1111 2936 1172 2975 ver*

136 2993 209 3043 sibus
228 3008 295 3060 quos
313 3002 410 3044 vocant
423 2994 563 3043 Saturnios
580 2993 608 3042 in
623 2990 790 3042 silvestribus
807 2992 872 3042 locis
889 2992 980 3042 solitos
997 2992 1051 3043 sari
1066 2993 1169 3059 futura,

136 3070 218 3130 atque
235 3061 299 3112 inde
319 3064 424 3112 Faunos
442 3061 548 3126 dictos]
583 3060 661 3110 Ferte
680 3061 780 3122 simul,
797 3060 944 3128 Faunique
962 3062 1056 3126 pedem
1062 3085 1073 3124 ,·
1098 3063 1173 3122 ferta⁴

136 3132 249 3201 pedem,
266 3137 313 3180 aut
330 3130 413 3180 simul
429 3131 531 3182 venite:
549 3137 597 3180 aut
614 3130 677 3181 date
693 3129 810 3178 carmini
829 3146 892 3180 rneo
909 3130 1070 3181 facilitatem
1096 3132 1167 3198 quod

136 3201 231 3268 utique
248 3198 363 3266 pedibus
380 3199 549 3249 continetur:
574 3207 604 3248 ut
621 3199 670 3249 sit:
693 3197 770 3247 Ferte
788 3199 896 3261 pedem,
920 3199 1066 3250 metricam
1090 3216 1167 3267 prae·

134 3277 205 3321 state
232 3268 377 3319 rationem.
419 3267 620 3335 [Dryadesque
651 3267 776 3333 puellae,·
808 3266 929 3335 Dryades
959 3285 975 3318 a
1005 3269 1168 3335 quercubus,

135 3338 208 3406 qnod
231 3336 289 3388 iarn
313 3336 522 3404 snpra-dictum
548 3339 643 3387 esti-
688 3342 729 3391 12„
749 3334 846 3401 Tuque
872 3356 902 3399 n,
928 3339 976 3386 cui
992 3340 1085 3401 prima
1106 3338 1166 3406 sre-

135 3418 262 3473 quentem
280 3404 366 3454 Fudit
384 3424 484 3472 equum
504 3424 606 3474 magno
631 3407 714 3455 tellus
732 3421 865 3469 percussa
884 3407 998 3455 tridenti
1006 3424 1013 3468 ;
1037 3407 1168 3474 antiquis·

135 3476 198 3526 sinti
215 3474 295 3537 libri,
319 3474 405 3525 Fudit
423 3492 541 3540 aquam,
565 3475 689 3542 plerique
712 3472 874 3524 habuerunt.
910 3474 1049 3542 Quoniam
1066 3476 1167 3544 Neptn-

135 3562 186 3597 nus
203 3551 231 3592 et
247 3543 410 3594 fluminibus
428 3552 455 3594 et
477 3543 612 3604 lontibus,
634 3550 663 3593 et
679 3542 805 3591 omnibns
823 3543 900 3609 aquis
918 3552 1040 3609 praeest,
1062 3551 1095 3593 ut
1111 3547 1167 3613 ipse

134 3614 217 3665 docet
234 3612 279 3679 (G.
297 3619 330 3673 4,
347 3613 416 3672 29.):
445 3614 500 3662 Aut
517 3629 646 3676 praeceps
663 3609 792 3674 Neptuno
813 3613 979 3662 immerserit
995 3611 1105 3676 Eurus,
1121 3612 1167 3664 sed

134 3677 231 3734 melius
257 3698 373 3747 equum,
398 3691 511 3749 propfer
536 3677 686 3742 armenta]
720 3679 770 3745 [ln
794 3679 904 3731 Cornel.
928 3698 1044 3748 equum,
1067 3681 1098 3731 in
1121 3698 1168 3731 an-

135 3751 259 3803 thentica
284 3744 401 3813 uquam,
425 3750 509 3815 ipsins
533 3765 618 3798 manu
643 3745 763 3814 equum]
803 3748 907 3800 Fabula
929 3749 991 3801 talis*
1013 3757 1068 3800 est:
1095 3751 1168 3800 Cum

136 3822 279 3887 Neptunus
296 3827 324 3870 ct
336 3817 463 3868 Minerva
475 3818 509 3868 de
524 3819 697 3868 Athenarum
715 3815 829 3868 nomine
845 3819 1050 3884 contenderent,
1068 3819 1172 3888 placuit

43 3968 47 3977 =
163 3989 200 4038 11)
228 3990 267 4028 Pro
288 3996 310 4026 υἱ
327 3992 411 4026 Fa1¹m¹³
426 3993 463 4023 etc.
485 3988 522 4024 G..
544 3995 564 4023 nt
581 3989 603 4025 F.
619 3997 639 4025 tt
652 3991 675 4028 1³.
697 3990 753 4030 dilati
773 3991 854 4040 (nnn.
875 3991 903 4030 dii
923 3991 993 4039 latini)
1013 3991 1051 4032 luri
1072 4006 1085 4032 ι
1104 3992 1175 4031 imao.

219 4046 284 4086 Fauni
298 4052 345 4084 sunt
360 4044 408 4084 dicti
420 4044 434 4082 i.
449 4057 467 4082 s.
482 4043 510 4083 dii
524 4045 632 4083 silvestres.
973 4061 982 4073 ·
