2430 4620
259 340 262 345 .
335 321 371 362 m
395 298 551 361 sinon.
575 283 740 360 aucou‘
989 301 1084 373 349.

113 505 222 542 versum
239 487 405 554 attenuavit,
421 502 476 556 quo
487 486 590 539 rustico
603 483 694 539 senari
707 498 823 537 carmen
834 481 924 555 aptius
936 483 1010 539 fecit
1020 515 1055 526 —

98 559 146 610 lius
163 568 257 611 autem
282 566 314 608 ut
331 557 461 617 Bucolica
478 555 627 621 scriberet,
650 570 763 607 carsmm
788 555 925 607 eitumodi
948 557 1056 613 habuit.

98 630 151 679 iius
168 627 311 679 Octaviam
327 625 461 678 Sororem
478 625 592 692 Augusti
608 639 724 674 uxorem
741 624 880 688 habebat,
903 632 931 676 et
946 628 1058 698 provin·

114 697 225 749 sortitus
247 705 289 749 est
305 699 474 764 Aegyptum
497 695 548 746 ubi
570 710 636 744 cum
653 693 831 764 Cleopatram
855 694 1011 749 adamasset
1027 705 1057 751 et

98 784 134 818 im
153 766 275 831 dixisset,
297 765 415 835 repudio
433 763 564 816 Octaviae
580 763 661 827 dato,
679 770 713 815 et
729 770 855 830 speraret
879 762 971 817 daim
1011 767 1054 818 rio
1077 788 1088 813 .·

98 835 201 887 indriae
226 832 432 902 constituendo,
456 832 542 884 hostis
563 831 690 899 publicus
713 822 866 902 appellatus'
880 840 930 885 est.
990 851 1057 888 uem

100 913 178 956 cutus
200 905 352 972 Augustus,
379 901 532 955 exercitum
559 901 590 952 iu
614 901 751 953 orientem
775 899 907 968 ducebat,
935 918 1057 975 eumque

117 974 256 1042 superarit
279 973 353 1043 apud
370 972 513 1022 Actiacum
530 969 695 1040 apollinem.
728 969 823 1036 Italiae
845 986 915 1040 ergo
940 972 1056 1027 civitati-

98 1044 205 1095 liversas
222 1049 316 1109 partes
331 1039 517 1109 sequentibus,
533 1041 737 1092 Cremonenses
754 1046 782 1092 et
797 1038 945 1097 Mantuani
963 1044 1057 1107 neutri

106 1111 240 1171 auxiliati3
271 1109 319 1162 sed
342 1111 397 1162 hoc
420 1107 752 1178 Augustus-indignatus,
775 1109 912 1161 veteranis
933 1114 1056 1181 ¹quorum

98 1198 139 1234 rm
155 1182 185 1232 in
202 1180 276 1232 bello
292 1179 444 1242 habuerat,
468 1192 550 1246 agros
568 1177 802 1231 Cremonensium
819 1176 903 1231 dividi
919 1181 1010 1247 iussit,
1028 1189 1057 1234 et
1091 1197 1105 1218 0

98 1270 115 1303 n
140 1250 325 1314 suffecissent,
344 1248 513 1299 Mantuanos
533 1245 656 1317 adirmgi.
690 1245 770 1298 Uude
792 1247 913 1315 facturn,
937 1251 978 1303 uti
995 1251 1057 1303 Vir.

98 1341 100 1365 ι
127 1335 237 1387 quoque
261 1333 343 1386 agros
366 1317 522 1381 amitteret,
543 1330 612 1385 quos
638 1314 779 1382 sexaginta
802 1319 925 1371 veterani
950 1319 1057 1389 accipe-

124 1389 177 1442 Sed
201 1388 352 1439 insinuatus
369 1387 490 1453 Augusto
513 1402 566 1455 per
582 1385 667 1436 Corn.
683 1384 814 1449 Gallum,
836 1387 1058 1458 condiscipulum
1131 1392 1135 1399 '

98 1480 118 1525 ι,
135 1456 308 1527 promeruit,
331 1462 362 1506 ut
378 1469 460 1523 agros
477 1468 540 1505 suos
554 1453 703 1523 reciperet.
739 1454 776 1505 Et
793 1468 827 1506 eo
843 1455 918 1509 facto
936 1458 1057 1513 concita-

125 1527 155 1578 in
185 1544 214 1578 se
239 1538 381 1577 veteranos
404 1524 474 1576 adeo
504 1530 537 1574 ut
567 1523 724 1579 aMilieno
748 1523 860 1575 Torone
890 1527 1058 1598 primipilari

98 1597 162 1648 esit
177 1596 354 1658 interfectus,
376 1592 429 1645 nisi
445 1591 574 1659 fugisset,
597 1599 630 1642 ut
646 1598 816 1643 contestatur
838 1593 912 1663 ipse,
936 1612 1002 1649 cum
1018 1597 1059 1651 ait

106 1703 114 1730 s
133 1665 200 1728 14·)÷
218 1663 298 1732 Quod
315 1662 430 1714 nisime
447 1676 624 1729 quascunque
641 1676 725 1712 novas
741 1676 911 1731 componere
926 1666 989 1719 lites
1006 1675 1057 1720 etc.

99 1739 132 1785 '⁸⁸⁸
156 1749 223 1802 0¹8⁰
256 1747 340 1800 ⁸30¹ss
363 1733 499 1799 Αῑῑςῑὶεῑο,
527 1729 601 1798 quod
631 1729 781 1798 recepisset
802 1746 899 1801 agros,
928 1734 1059 1790 Bucolica

99 1804 145 1868 sit,
167 1803 214 1855 sed
238 1817 294 1853 non
320 1800 420 1851 eodem
443 1799 541 1850 ordine
564 1798 664 1863 edidit,
690 1814 744 1867 quo
762 1799 879 1866 scripsit,
914 1803 963 1854 Est
980 1806 1057 1858 enim

99 1890 120 1924 ‚a
144 1889 197 1939 qua
223 1878 330 1940 ereptos
354 1869 406 1919 sibi
431 1884 511 1935 agros
535 1868 677 1935 queritur,
702 1868 741 1918 sic
763 1869 912 1922 inchoans:
943 1872 1004 1940 Quo
1027 1882 1057 1928 ῃ

99 1942 115 1993 i
132 1943 215 2009 pedes
231 1948 282 1992 etc.
317 1938 353 1988 Et
370 1955 404 1991 ea
420 1937 509 2008 posits
526 1944 568 1988 est
582 1939 612 1987 in
630 1936 735 1988 ultimo.
769 1939 987 2008 Atpriusqueri
1004 1943 1059 1995 fuit

99 2027 173 2076 ium,
198 2010 270 2061 dein·
285 2008 381 2058 testari
405 2005 578 2057 beneficium.
629 2005 704 2073 Ergo
721 2009 867 2075 praeponi
889 2008 937 2061 illa
960 2011 1058 2079 ecloga
1122 2050 1126 2061 ,

99 2087 174 2144 erat,
198 2086 226 2131 et
248 2077 286 2128 sic
309 2077 379 2128 haec
402 2074 545 2140 substitui,
568 2090 623 2142 qua
646 2073 750 2142 gratias
773 2076 839 2144 agit.
879 2068 932 2130 sed
949 2080 1057 2149 Virgilii

99 2150 170 2200 lium
187 2148 241 2199 hoc
259 2146 326 2208 fuit,
349 2164 385 2198 ne
403 2144 558 2197 offenderet
580 2144 795 2213 imperatorem,
818 2144 895 2197 cuius
911 2150 1004 2200 seculo
1026 2151 1058 2205 li·
1143 2164 1146 2172 ¹

99 2235 106 2269 ι
124 2216 274 2284 legendum
292 2214 458 2282 praebebat,
475 2213 574 2265 maluit
588 2213 691 2263 instare
708 2212 874 2266 testimonio.
909 2216 982 2268 Nam
999 2219 1059 2291 ipsa

99 2305 122 2347 :a
139 2295 193 2351 est,
215 2284 338 2353 quaeda
355 2285 465 2336 Damno
481 2283 584 2347 refert,
605 2282 704 2334 necin
724 2282 820 2334 ultimo
838 2284 928 2354 posita
945 2295 998 2352 est,
1020 2306 1057 2345 ne

100 2359 127 2408 ic
150 2354 295 2421 insigniter
316 2355 464 2423 legeretur.
514 2352 681 2420 Plerumque
713 2350 789 2404 enim
812 2370 882 2421 quae
911 2357 941 2406 in
964 2358 1058 2411 medio

99 2434 165 2477 ntur
188 2425 261 2475 inter
284 2425 376 2493 prima
392 2420 562 2474 delitescunt.
595 2418 656 2488 Qua
681 2422 906 2490 pronuntiatione
931 2440 1057 2496 quaeque

99 2512 122 2557 ;a
145 2494 202 2561 legi
227 2492 338 2556 debeat,
362 2492 400 2542 sic
425 2489 613 2551 ordinabitur,
640 2490 773 2556 quoniam
796 2491 827 2542 in
843 2492 922 2562 ipsis,
946 2494 969 2545 si
986 2512 1058 2564 quae

99 2563 161 2614 inda
185 2569 276 2632 putat,
300 2561 431 2613 carminis
449 2560 515 2611 facit
530 2557 717 2620 mentionem;
742 2559 771 2618 si
789 2575 846 2612 non
883 2569 956 2627 utat,
978 2565 1060 2616 huius

99 2649 141 2684 ,no
159 2631 279 2684 nominis
295 2647 351 2681 non
368 2629 505 2680 meminit.
539 2629 603 2678 Idoo
621 2625 686 2694 quia
702 2629 820 2680 secunda
839 2580 933 2698 eitinga
946 2640 1059 2685 cantan-

99 2710 155 2766 rat,
179 2702 219 2752 ait
241 2699 271 2750 in
295 2698 447 2767 principio:
472 2695 632 2748 Ocrudelis
648 2697 740 2759 Alexi,
764 2697 833 2749 nihil
850 2714 915 2751 mea
932 2703 1058 2754 carmina

99 2788 115 2822 s.
151 2773 182 2821 In
200 2768 282 2821 tertia
300 2782 440 2837 usquequo
457 2766 593 2817 ‘cautando
611 2780 668 2816 non
691 2767 759 2829 fuit,
782 2768 939 2833 praemisit;
963 2770 1059 2823 stubi

99 2840 196 2891 indum
220 2837 288 2889 erit:
310 2837 351 2889 Ab
368 2839 432 2887 Iove
449 2843 499 2888 etc.
534 2836 570 2885 Et
590 2833 622 2885 in
644 2835 757 2901 reliquis
780 2836 882 2905 eclogia
905 2838 957 2889 hoc
981 2839 1058 2893 idem

115 2908 341 2960 animadvertere.
383 2906 456 2957 Nam
479 2904 618 2971 Georgica
641 2903 780 2971 quomodo
803 2908 1060 2978 pronuntiarentur,

100 2995 120 3027 n
143 2975 261 3029 ostendit
283 2975 415 3026 dicendo:
440 2972 510 3024 Hinc
534 2989 636 3024 canere
658 2973 801 3042 incipiam:
841 2975 913 3026 Item
929 2978 1060 3046 Aeneida,

104 3047 161 3096 iam
177 3046 311 3116 plasmate
329 3044 384 3113 legi
402 3043 524 3107 volebat,
541 3042 591 3093 ait:
612 3043 697 3093 Arma
713 3043 789 3111 vinq.
806 3058 885 3096 cano.
902 3076 935 3087 -.
970 3046 1059 3117 Tityri

103 3117 203 3167 eliboei
220 3130 349 3184 personas
367 3114 402 3164 de
416 3111 565 3163 Theocrito
582 3112 686 3181 sumsit.
719 3109 772 3163 Sed
787 3119 883 3163 tamen
899 3115 971 3166 ratio
988 3115 1059 3171 haec

100 3187 174 3236 inum
188 3192 236 3235 est.
269 3183 367 3233 Hirous
383 3182 473 3250 libyca
489 3180 584 3244 lingua
596 3180 706 3248 Tityrus
719 3183 886 3250 appellatum
905 3184 1060 3240 Meliboeus

100 3271 137 3304 ,ce
160 3253 246 3302 houm
269 3251 393 3319 diligens.
435 3248 624 3316 congruentia
648 3248 733 3312 igitur
757 3250 912 3316 pastoribus
935 3256 1065 3308 nomina:

100 3331 153 3372 stus
169 3322 240 3373 liber
257 3337 308 3386 per
325 3319 488 3389 allegoriam
505 3319 683 3384 intelligitur3
706 3319 773 3370 facit
796 3321 871 3372 enim
892 3339 921 3373 se
939 3340 998 3377 esse
1014 3326 1061 3376 Ti-

101 3408 137 3455 n,
159 3399 187 3442 et
202 3389 374 3441 Meliboeam
398 3390 482 3440 Corn.
499 3386 626 3450 Gallum,
649 3386 697 3454 qui
717 3388 886 3463 admiretur,
911 3393 984 3457 qarod
1001 3394 1061 3445 Vir·

100 3477 110 3510 s
134 3460 205 3510 solus
228 3475 309 3528 agros
332 3458 486 3509 retinuerit.
520 3457 578 3506 Nec
596 3456 769 3523 mirandum,
793 3459 865 3527 quod
883 3460 956 3512 infra
973 3478 1003 3514 se
1018 3478 1061 3513 se·

114 3530 195 3592 dicit,
220 3545 284 3578 cum
302 3534 410 3578 certum
426 3527 474 3588 sit,
498 3541 579 3587 eum,
601 3535 632 3576 ut
648 3528 678 3578 A.
695 3527 829 3579 Pedianus
846 3528 926 3597 dicit,
942 3528 1060 3582 XXVIII.

100 3616 117 3648 ss
141 3607 238 3649 natum
255 3595 383 3648 Bucolica
400 3595 523 3648 edidisse.
556 3596 631 3647 Nam
654 3595 753 3648 eadem
776 3597 888 3648 licentia
910 3613 1006 3650 senem
1031 3616 1060 3651 se

100 3706 107 3731 ‚
131 3685 195 3716 cum
214 3667 249 3716 sit
264 3665 384 3729 iuvenis,
406 3681 461 3733 qua
477 3672 617 3732 pastorem
634 3681 663 3716 se
684 3666 765 3732 fecit,
790 3666 906 3723 comsit
923 3666 1061 3730 urbanum

102 3737 230 3803 Tityrum
253 3732 393 3798 nominat,
414 3749 480 3783 cum
503 3733 538 3784 sit
554 3734 690 3801 Virgilius.
708 3763 742 3772 -
778 3734 869 3787 Omne
893 3752 1006 3786 carmen
1030 3737 1061 3788 in

102 3814 254 3857 caracteres
272 3803 414 3854 dividitur:
436 3803 641 3869 Dramatic'um,
664 3803 695 3854 in
714 3818 773 3873 ¹quo
796 3819 929 3872 personae
951 3812 1059 3857 tantum

100 3882 194 3936 untur;
210 3872 445 3939 exagematicum,
461 3874 492 3924 in
509 3886 564 3939 quo
582 3873 653 3923 solus
669 3876 767 3940 poiita3
784 3872 899 3922 mixtum
908 3910 916 3937 ,
933 3873 982 3923 ubi
998 3889 1061 3943 pro·

100 3959 135 3994 ue
154 3953 181 3995 et
197 3945 279 4010 polita
295 3948 324 3993 et
340 3955 466 4008 persona.
499 3941 633 3993 Omnium
656 3941 812 4008 specierum
829 3940 937 4008 eclogas
960 3941 989 3993 in
1008 3942 1062 3993 Bu-

102 4015 124 4061 is
147 4011 245 4078 posuit.
287 4006 493 4074 Dramaticon(
504 4009 558 4063 erit
580 4009 687 4077 prima:
711 4009 819 4076 Tityre:
842 4009 1059 4079 exegematicon:

100 4081 157 4132 ides
173 4080 286 4143 Musae3
303 4078 423 4132 mistum
438 4079 508 4134 erit:
524 4077 618 4132 Prima
634 4077 776 4148 Syracusio
792 4084 846 4131 etc.
