<?xml version="1.0" encoding="UTF-8"?>
<!DOCTYPE html PUBLIC "-//W3C//DTD XHTML 1.0 Transitional//EN"
    "http://www.w3.org/TR/xhtml1/DTD/xhtml1-transitional.dtd">
<html xmlns="http://www.w3.org/1999/xhtml" xml:lang="en" lang="en">
 <head>
  <title>
</title>
<meta http-equiv="Content-Type" content="text/html;charset=utf-8" />
  <meta name='ocr-system' content='tesseract 3.04.00' />
  <meta name='ocr-capabilities' content='ocr_page ocr_carea ocr_par ocr_line ocrx_word'/>
</head>
<body>
  <div class='ocr_page' id='page_1' title='image "./commentariiinvi00honogoog_0218.png"; bbox 0 0 2430 4620; ppageno 0'>
   <div class='ocr_carea' id='block_1_1' title="bbox 301 269 1191 380">
    <p class='ocr_par' dir='ltr' id='par_1_1' title="bbox 301 269 1191 380">
     <span class='ocr_line' id='line_1_1' title="bbox 301 269 1191 380; baseline 0.01 -13"><span class='ocrx_word' id='word_1_1' title='bbox 301 326 336 367; x_wconf 71' lang='lat' dir='ltr'><strong>m</strong></span> <span class='ocrx_word' id='word_1_2' title='bbox 361 269 978 380; x_wconf 62' lang='lat' dir='ltr'><strong>vraeu.¹caoae.1‚‘2t2-&#39;2&#39;oo</strong></span> <span class='ocrx_word' id='word_1_3' title='bbox 1077 310 1160 377; x_wconf 64' lang='lat' dir='ltr'><strong>v211</strong></span> <span class='ocrx_word' id='word_1_4' title='bbox 1187 314 1191 325; x_wconf 91' lang='lat'><strong>·</strong></span> 
     </span>
    </p>
   </div>
   <div class='ocr_carea' id='block_1_2' title="bbox 113 489 1208 3519">
    <p class='ocr_par' dir='ltr' id='par_1_2' title="bbox 113 489 1208 1387">
     <span class='ocr_line' id='line_1_2' title="bbox 118 489 1161 559; baseline -0.001 -12"><span class='ocrx_word' id='word_1_5' title='bbox 118 493 236 557; x_wconf 74' lang='lat' dir='ltr'><strong>obtusi5</strong></span> <span class='ocrx_word' id='word_1_6' title='bbox 257 489 398 559; x_wconf 84' lang='lat' dir='ltr'><strong>[bebetis,</strong></span> <span class='ocrx_word' id='word_1_7' title='bbox 421 497 451 542; x_wconf 87' lang='lat' dir='ltr'><strong>et</strong></span> <span class='ocrx_word' id='word_1_8' title='bbox 472 489 601 540; x_wconf 87' lang='lat' dir='ltr'><strong>obtusum</strong></span> <span class='ocrx_word' id='word_1_9' title='bbox 626 498 666 543; x_wconf 86' lang='lat' dir='ltr'><strong>est</strong></span> <span class='ocrx_word' id='word_1_10' title='bbox 680 489 814 558; x_wconf 86' lang='lat' dir='ltr'><strong>quicquid</strong></span> <span class='ocrx_word' id='word_1_11' title='bbox 833 491 894 544; x_wconf 85' lang='lat' dir='ltr'><strong>sine</strong></span> <span class='ocrx_word' id='word_1_12' title='bbox 917 492 1046 545; x_wconf 76' lang='lat' dir='ltr'><strong>acumine</strong></span> <span class='ocrx_word' id='word_1_13' title='bbox 1062 500 1104 545; x_wconf 76' lang='lat' dir='ltr'><strong>est</strong></span> <span class='ocrx_word' id='word_1_14' title='bbox 1117 492 1161 546; x_wconf 81' lang='lat' dir='ltr'><strong>vel</strong></span> 
     </span>
     <span class='ocr_line' id='line_1_3' title="bbox 117 558 1161 629; baseline 0.002 -19"><span class='ocrx_word' id='word_1_15' title='bbox 117 563 232 626; x_wconf 78' lang='lat' dir='ltr'><strong>calore,</strong></span> <span class='ocrx_word' id='word_1_16' title='bbox 255 568 288 610; x_wconf 88' lang='lat' dir='ltr'><strong>ut</strong></span> <span class='ocrx_word' id='word_1_17' title='bbox 304 562 344 625; x_wconf 81' lang='lat' dir='ltr'><strong>(A.</strong></span> <span class='ocrx_word' id='word_1_18' title='bbox 362 567 393 621; x_wconf 91' lang='lat'><strong>1,</strong></span> <span class='ocrx_word' id='word_1_19' title='bbox 411 560 495 620; x_wconf 75' lang='lat'><strong>567.):</strong></span> <span class='ocrx_word' id='word_1_20' title='bbox 512 559 577 611; x_wconf 75' lang='lat' dir='ltr'><strong>Non</strong></span> <span class='ocrx_word' id='word_1_21' title='bbox 597 561 694 610; x_wconf 84' lang='lat' dir='ltr'><strong>obtuso</strong></span> <span class='ocrx_word' id='word_1_22' title='bbox 713 562 782 611; x_wconf 82' lang='lat' dir='ltr'><strong>adeo</strong></span> <span class='ocrx_word' id='word_1_23' title='bbox 800 573 944 627; x_wconf 69' lang='lat' dir='ltr'><strong>gestamus</strong></span> <span class='ocrx_word' id='word_1_24' title='bbox 959 569 1012 613; x_wconf 80' lang='lat' dir='ltr'><strong>etc.</strong></span> <span class='ocrx_word' id='word_1_25' title='bbox 1028 558 1070 629; x_wconf 79' lang='lat' dir='ltr'><strong>et]</strong></span> <span class='ocrx_word' id='word_1_26' title='bbox 1083 562 1161 613; x_wconf 81' lang='lat' dir='ltr'><strong>Anti·</strong></span> 
     </span>
     <span class='ocr_line' id='line_1_4' title="bbox 116 626 1159 701; baseline 0.002 -23"><span class='ocrx_word' id='word_1_27' title='bbox 116 633 164 700; x_wconf 86' lang='lat' dir='ltr'><strong>qui</strong></span> <span class='ocrx_word' id='word_1_28' title='bbox 183 628 309 698; x_wconf 88' lang='lat' dir='ltr'><strong>[tamen]</strong></span> <span class='ocrx_word' id='word_1_29' title='bbox 327 646 345 678; x_wconf 87' lang='lat' dir='ltr'><strong>n</strong></span> <span class='ocrx_word' id='word_1_30' title='bbox 363 626 494 696; x_wconf 78' lang='lat' dir='ltr'><strong>[literam]</strong></span> <span class='ocrx_word' id='word_1_31' title='bbox 512 629 663 685; x_wconf 80' lang='lat' dir='ltr'><strong>addebant.</strong></span> <span class='ocrx_word' id='word_1_32' title='bbox 685 630 759 697; x_wconf 90' lang='lat' dir='ltr'><strong>quod</strong></span> <span class='ocrx_word' id='word_1_33' title='bbox 779 646 830 683; x_wconf 83' lang='lat' dir='ltr'><strong>nos</strong></span> <span class='ocrx_word' id='word_1_34' title='bbox 853 636 967 699; x_wconf 74' lang='lat' dir='ltr'><strong>propter</strong></span> <span class='ocrx_word' id='word_1_35' title='bbox 990 630 1159 701; x_wconf 75' lang='lat' dir='ltr'><strong>euphoniam</strong></span> 
     </span>
     <span class='ocr_line' id='line_1_5' title="bbox 115 696 1160 767; baseline -0.001 -15"><span class='ocrx_word' id='word_1_36' title='bbox 115 701 144 753; x_wconf 90' lang='lat' dir='ltr'><strong>in</strong></span> <span class='ocrx_word' id='word_1_37' title='bbox 163 699 307 766; x_wconf 78' lang='lat' dir='ltr'><strong>aliquibus</strong></span> <span class='ocrx_word' id='word_1_38' title='bbox 325 697 505 761; x_wconf 79' lang='lat' dir='ltr'><strong>detraximus,</strong></span> <span class='ocrx_word' id='word_1_39' title='bbox 528 706 560 748; x_wconf 92' lang='lat' dir='ltr'><strong>ut</strong></span> <span class='ocrx_word' id='word_1_40' title='bbox 574 696 708 748; x_wconf 73' lang='lat' dir='ltr'><strong>obtusus:</strong></span> <span class='ocrx_word' id='word_1_41' title='bbox 732 702 761 749; x_wconf 89' lang='lat' dir='ltr'><strong>in</strong></span> <span class='ocrx_word' id='word_1_42' title='bbox 780 699 915 767; x_wconf 73' lang='lat' dir='ltr'><strong>aliquibus</strong></span> <span class='ocrx_word' id='word_1_43' title='bbox 933 699 1032 764; x_wconf 87' lang='lat' dir='ltr'><strong>(enirn)</strong></span> <span class='ocrx_word' id='word_1_44' title='bbox 1049 714 1160 751; x_wconf 77' lang='lat' dir='ltr'><strong>remari-</strong></span> 
     </span>
     <span class='ocr_line' id='line_1_6' title="bbox 115 766 1160 833; baseline -0.001 -12"><span class='ocrx_word' id='word_1_45' title='bbox 115 770 166 833; x_wconf 86' lang='lat' dir='ltr'><strong>sit,</strong></span> <span class='ocrx_word' id='word_1_46' title='bbox 189 776 224 818; x_wconf 89' lang='lat' dir='ltr'><strong>ut</strong></span> <span class='ocrx_word' id='word_1_47' title='bbox 243 780 355 817; x_wconf 83' lang='lat' dir='ltr'><strong>tunsus.</strong></span> <span class='ocrx_word' id='word_1_48' title='bbox 390 766 499 833; x_wconf 92' lang='lat' dir='ltr'><strong>[Obtusi</strong></span> <span class='ocrx_word' id='word_1_49' title='bbox 517 775 625 830; x_wconf 87' lang='lat' dir='ltr'><strong>autem,</strong></span> <span class='ocrx_word' id='word_1_50' title='bbox 648 766 818 818; x_wconf 86' lang='lat' dir='ltr'><strong>reverberati</strong></span> <span class='ocrx_word' id='word_1_51' title='bbox 842 775 870 817; x_wconf 86' lang='lat' dir='ltr'><strong>et</strong></span> <span class='ocrx_word' id='word_1_52' title='bbox 887 768 1015 819; x_wconf 81' lang='lat' dir='ltr'><strong>acumine</strong></span> <span class='ocrx_word' id='word_1_53' title='bbox 1032 768 1160 821; x_wconf 79' lang='lat' dir='ltr'><strong>carentis.</strong></span> 
     </span>
     <span class='ocr_line' id='line_1_7' title="bbox 114 834 1160 903; baseline -0.001 -15"><span class='ocrx_word' id='word_1_54' title='bbox 114 838 259 901; x_wconf 80' lang='lat' dir='ltr'><strong>Dentem;</strong></span> <span class='ocrx_word' id='word_1_55' title='bbox 286 851 409 887; x_wconf 87' lang='lat' dir='ltr'><strong>acumen.</strong></span> <span class='ocrx_word' id='word_1_56' title='bbox 459 836 580 898; x_wconf 68' lang='lat' dir='ltr'><strong>Arbore,</strong></span> <span class='ocrx_word' id='word_1_57' title='bbox 609 835 643 885; x_wconf 91' lang='lat' dir='ltr'><strong>de</strong></span> <span class='ocrx_word' id='word_1_58' title='bbox 666 835 793 900; x_wconf 57' lang='lat' dir='ltr'><strong>arbore]</strong></span> <span class='ocrx_word' id='word_1_59' title='bbox 836 834 968 900; x_wconf 83' lang='lat' dir='ltr'><strong>Lintres,·</strong></span> <span class='ocrx_word' id='word_1_60' title='bbox 990 836 1160 903; x_wconf 69' lang='lat' dir='ltr'><strong>fluvialtisses</strong></span> 
     </span>
     <span class='ocr_line' id='line_1_8' title="bbox 113 902 1160 975; baseline 0 -16"><span class='ocrx_word' id='word_1_61' title='bbox 113 905 268 959; x_wconf 82' lang='lat' dir='ltr'><strong>naviculas.</strong></span> <span class='ocrx_word' id='word_1_62' title='bbox 303 902 383 972; x_wconf 78' lang='lat' dir='ltr'><strong>[Sane</strong></span> <span class='ocrx_word' id='word_1_63' title='bbox 400 918 457 955; x_wconf 86' lang='lat' dir='ltr'><strong>non</strong></span> <span class='ocrx_word' id='word_1_64' title='bbox 475 904 534 955; x_wconf 89' lang='lat' dir='ltr'><strong>sine</strong></span> <span class='ocrx_word' id='word_1_65' title='bbox 552 903 659 954; x_wconf 88' lang='lat' dir='ltr'><strong>ratione</strong></span> <span class='ocrx_word' id='word_1_66' title='bbox 676 903 802 955; x_wconf 86' lang='lat' dir='ltr'><strong>lintrium</strong></span> <span class='ocrx_word' id='word_1_67' title='bbox 818 905 963 971; x_wconf 85' lang='lat' dir='ltr'><strong>meminit,</strong></span> <span class='ocrx_word' id='word_1_68' title='bbox 988 907 1054 973; x_wconf 88' lang='lat' dir='ltr'><strong>quia</strong></span> <span class='ocrx_word' id='word_1_69' title='bbox 1070 904 1160 975; x_wconf 81' lang='lat' dir='ltr'><strong>pleru-</strong></span> 
     </span>
     <span class='ocr_line' id='line_1_9' title="bbox 114 971 1160 1044; baseline 0.001 -18"><span class='ocrx_word' id='word_1_70' title='bbox 114 992 172 1044; x_wconf 86' lang='lat' dir='ltr'><strong>que</strong></span> <span class='ocrx_word' id='word_1_71' title='bbox 190 991 259 1044; x_wconf 84' lang='lat' dir='ltr'><strong>pars</strong></span> <span class='ocrx_word' id='word_1_72' title='bbox 273 974 452 1024; x_wconf 74' lang='lat' dir='ltr'><strong>venetiarum</strong></span> <span class='ocrx_word' id='word_1_73' title='bbox 469 973 630 1023; x_wconf 84' lang='lat' dir='ltr'><strong>fluminibus</strong></span> <span class='ocrx_word' id='word_1_74' title='bbox 647 971 797 1037; x_wconf 87' lang='lat' dir='ltr'><strong>abundans,</strong></span> <span class='ocrx_word' id='word_1_75' title='bbox 813 972 940 1024; x_wconf 84' lang='lat' dir='ltr'><strong>lintribus</strong></span> <span class='ocrx_word' id='word_1_76' title='bbox 954 981 1063 1025; x_wconf 80' lang='lat' dir='ltr'><strong>exercet</strong></span> <span class='ocrx_word' id='word_1_77' title='bbox 1076 976 1160 1027; x_wconf 81' lang='lat' dir='ltr'><strong>omrle</strong></span> 
     </span>
     <span class='ocr_line' id='line_1_10' title="bbox 115 1041 1167 1111; baseline 0 -16"><span class='ocrx_word' id='word_1_78' title='bbox 115 1044 340 1107; x_wconf 80' lang='lat' dir='ltr'><strong>commercium,</strong></span> <span class='ocrx_word' id='word_1_79' title='bbox 358 1050 388 1091; x_wconf 90' lang='lat' dir='ltr'><strong>ut</strong></span> <span class='ocrx_word' id='word_1_80' title='bbox 404 1041 549 1105; x_wconf 86' lang='lat' dir='ltr'><strong>Ravenna,</strong></span> <span class='ocrx_word' id='word_1_81' title='bbox 565 1041 694 1092; x_wconf 84' lang='lat' dir='ltr'><strong>Altinum.</strong></span> <span class='ocrx_word' id='word_1_82' title='bbox 730 1042 784 1091; x_wconf 90' lang='lat' dir='ltr'><strong>Ubi</strong></span> <span class='ocrx_word' id='word_1_83' title='bbox 801 1049 829 1092; x_wconf 88' lang='lat' dir='ltr'><strong>et</strong></span> <span class='ocrx_word' id='word_1_84' title='bbox 846 1042 972 1107; x_wconf 83' lang='lat' dir='ltr'><strong>venatio,</strong></span> <span class='ocrx_word' id='word_1_85' title='bbox 990 1049 1018 1094; x_wconf 91' lang='lat' dir='ltr'><strong>et</strong></span> <span class='ocrx_word' id='word_1_86' title='bbox 1033 1043 1167 1111; x_wconf 73' lang='lat' dir='ltr'><strong>aucnpia,</strong></span> 
     </span>
     <span class='ocr_line' id='line_1_11' title="bbox 119 1110 1178 1181; baseline -0.001 -16"><span class='ocrx_word' id='word_1_87' title='bbox 119 1121 152 1165; x_wconf 76' lang='lat' dir='ltr'><strong>et</strong></span> <span class='ocrx_word' id='word_1_88' title='bbox 172 1127 309 1180; x_wconf 79' lang='lat' dir='ltr'><strong>agrorum</strong></span> <span class='ocrx_word' id='word_1_89' title='bbox 332 1110 440 1161; x_wconf 86' lang='lat' dir='ltr'><strong>cultura</strong></span> <span class='ocrx_word' id='word_1_90' title='bbox 461 1110 588 1161; x_wconf 83' lang='lat' dir='ltr'><strong>lintribus</strong></span> <span class='ocrx_word' id='word_1_91' title='bbox 613 1117 766 1161; x_wconf 84' lang='lat' dir='ltr'><strong>exercetur.</strong></span> <span class='ocrx_word' id='word_1_92' title='bbox 799 1110 852 1160; x_wconf 85' lang='lat' dir='ltr'><strong>Alii</strong></span> <span class='ocrx_word' id='word_1_93' title='bbox 874 1110 985 1176; x_wconf 75' lang='lat' dir='ltr'><strong>lintres,</strong></span> <span class='ocrx_word' id='word_1_94' title='bbox 1007 1111 1038 1163; x_wconf 87' lang='lat' dir='ltr'><strong>in</strong></span> <span class='ocrx_word' id='word_1_95' title='bbox 1061 1113 1178 1181; x_wconf 32' lang='lat' dir='ltr'><strong>quibus·</strong></span> 
     </span>
     <span class='ocr_line' id='line_1_12' title="bbox 120 1178 1160 1248; baseline 0 -17"><span class='ocrx_word' id='word_1_96' title='bbox 120 1196 176 1232; x_wconf 79' lang='lat' dir='ltr'><strong>uva</strong></span> <span class='ocrx_word' id='word_1_97' title='bbox 192 1187 333 1248; x_wconf 76' lang='lat' dir='ltr'><strong>portatur,</strong></span> <span class='ocrx_word' id='word_1_98' title='bbox 350 1178 508 1246; x_wconf 79' lang='lat' dir='ltr'><strong>accipiunt]</strong></span> <span class='ocrx_word' id='word_1_99' title='bbox 524 1206 558 1217; x_wconf 92' lang='lat'>-</span> <span class='ocrx_word' id='word_1_100' title='bbox 593 1185 654 1235; x_wconf 76' lang='grc'><strong>263.</strong></span> <span class='ocrx_word' id='word_1_101' title='bbox 672 1179 726 1228; x_wconf 84' lang='lat' dir='ltr'><strong>Aut</strong></span> <span class='ocrx_word' id='word_1_102' title='bbox 743 1181 837 1244; x_wconf 85' lang='lat' dir='ltr'><strong>pecori</strong></span> <span class='ocrx_word' id='word_1_103' title='bbox 854 1181 977 1246; x_wconf 83' lang='lat' dir='ltr'><strong>signum,</strong></span> <span class='ocrx_word' id='word_1_104' title='bbox 996 1192 1046 1230; x_wconf 82' lang='lat' dir='ltr'><strong>aut</strong></span> <span class='ocrx_word' id='word_1_105' title='bbox 1063 1192 1160 1231; x_wconf 70' lang='lat' dir='ltr'><strong>nurne-</strong></span> 
     </span>
     <span class='ocr_line' id='line_1_13' title="bbox 125 1248 1208 1325; baseline -0.003 -25"><span class='ocrx_word' id='word_1_106' title='bbox 125 1267 175 1303; x_wconf 79' lang='lat' dir='ltr'><strong>ros.</strong></span> <span class='ocrx_word' id='word_1_107' title='bbox 190 1251 337 1315; x_wconf 79' lang='lat' dir='ltr'><strong>&#39;impressit</strong></span> <span class='ocrx_word' id='word_1_108' title='bbox 354 1250 480 1313; x_wconf 72' lang='lat' dir='ltr'><strong>acervis,</strong></span> <span class='ocrx_word' id='word_1_109' title='bbox 503 1248 522 1300; x_wconf 88' lang='lat' dir='ltr'><strong>i.</strong></span> <span class='ocrx_word' id='word_1_110' title='bbox 542 1267 565 1300; x_wconf 88' lang='lat' dir='ltr'><strong>e.</strong></span> <span class='ocrx_word' id='word_1_111' title='bbox 583 1248 649 1298; x_wconf 81' lang='lat' dir='ltr'><strong>sarit</strong></span> <span class='ocrx_word' id='word_1_112' title='bbox 666 1259 714 1297; x_wconf 85' lang='lat' dir='ltr'><strong>aut</strong></span> <span class='ocrx_word' id='word_1_113' title='bbox 730 1249 936 1313; x_wconf 81' lang='lat' dir='ltr'><strong>cliarocteres,.</strong></span> <span class='ocrx_word' id='word_1_114' title='bbox 960 1250 1040 1325; x_wconf 70' lang='lat' dir='ltr'><strong>uibus</strong></span> <span class='ocrx_word' id='word_1_115' title='bbox 1057 1265 1161 1317; x_wconf 80' lang='lat' dir='ltr'><strong>perora</strong></span> <span class='ocrx_word' id='word_1_116' title='bbox 1205 1290 1208 1297; x_wconf 92' lang='lat'><em>.</em></span> 
     </span>
     <span class='ocr_line' id='line_1_14' title="bbox 123 1267 1161 1387; baseline 0.002 -17"><span class='ocrx_word' id='word_1_117' title='bbox 123 1320 281 1386; x_wconf 78' lang='lat' dir='ltr'><strong>signantur:</strong></span> <span class='ocrx_word' id='word_1_118' title='bbox 298 1324 347 1368; x_wconf 89' lang='lat' dir='ltr'><strong>aut</strong></span> <span class='ocrx_word' id='word_1_119' title='bbox 362 1324 490 1371; x_wconf 76' lang='lat' dir='ltr'><strong>tesseras·</strong></span> <span class='ocrx_word' id='word_1_120' title='bbox 547 1317 605 1367; x_wconf 86' lang='lat' dir='ltr'><strong>&#39;bus</strong></span> <span class='ocrx_word' id='word_1_121' title='bbox 623 1317 828 1367; x_wconf 85' lang='lat' dir='ltr'><strong>frumentorum</strong></span> <span class='ocrx_word' id='word_1_122' title='bbox 845 1267 976 1383; x_wconf 55' lang='lat' dir='ltr'><strong>nttmdtis</strong></span> <span class='ocrx_word' id='word_1_123' title='bbox 993 1318 1161 1387; x_wconf 73' lang='lat' dir='ltr'><strong>designatur.</strong></span> 
     </span>
    </p>

    <p class='ocr_par' dir='ltr' id='par_1_3' title="bbox 121 1380 1158 1455">
     <span class='ocr_line' id='line_1_15' title="bbox 121 1380 1158 1455; baseline 0.005 -17"><span class='ocrx_word' id='word_1_124' title='bbox 121 1388 196 1439; x_wconf 87' lang='lat' dir='ltr'><strong>Nam</strong></span> <span class='ocrx_word' id='word_1_125' title='bbox 222 1402 355 1439; x_wconf 79' lang='lat' dir='ltr'><strong>numeros</strong></span> <span class='ocrx_word' id='word_1_126' title='bbox 386 1401 437 1453; x_wconf 89' lang='lat' dir='ltr'><strong>pro</strong></span> <span class='ocrx_word' id='word_1_127' title='bbox 544 1380 547 1387; x_wconf 84' lang='lat'>&#39;</span> <span class='ocrx_word' id='word_1_128' title='bbox 579 1386 684 1452; x_wconf 77' lang='lat' dir='ltr'><strong>posuit,</strong></span> <span class='ocrx_word' id='word_1_129' title='bbox 714 1386 813 1455; x_wconf 87' lang='lat' dir='ltr'><strong>quibus</strong></span> <span class='ocrx_word' id='word_1_130' title='bbox 839 1380 951 1439; x_wconf 71' lang='lat' dir='ltr'><strong>nutrl&#39;er&#39;i</strong></span> <span class='ocrx_word' id='word_1_131' title='bbox 974 1387 1158 1442; x_wconf 88' lang='lat' dir='ltr'><strong>continentur.</strong></span> 
     </span>
    </p>

    <p class='ocr_par' dir='ltr' id='par_1_4' title="bbox 119 1454 1161 1524">
     <span class='ocr_line' id='line_1_16' title="bbox 119 1454 1161 1524; baseline 0.004 -18"><span class='ocrx_word' id='word_1_132' title='bbox 119 1455 185 1524; x_wconf 80' lang='lat' dir='ltr'><strong>[Sed</strong></span> <span class='ocrx_word' id='word_1_133' title='bbox 210 1456 265 1508; x_wconf 86' lang='lat' dir='ltr'><strong>hoc</strong></span> <span class='ocrx_word' id='word_1_134' title='bbox 290 1454 398 1507; x_wconf 80' lang='lat' dir='ltr'><strong>ncn&#39;de</strong></span> <span class='ocrx_word' id='word_1_135' title='bbox 416 1473 449 1505; x_wconf 88' lang='lat' dir='ltr'><strong>ae</strong></span> <span class='ocrx_word' id='word_1_136' title='bbox 544 1462 609 1521; x_wconf 83' lang='lat' dir='ltr'><strong>&#39;qua</strong></span> <span class='ocrx_word' id='word_1_137' title='bbox 635 1455 739 1521; x_wconf 77' lang='lat' dir='ltr'><strong>signari</strong></span> <span class='ocrx_word' id='word_1_138' title='bbox 763 1455 805 1506; x_wconf 90' lang='lat' dir='ltr'><strong>vel</strong></span> <span class='ocrx_word' id='word_1_139' title='bbox 827 1455 937 1522; x_wconf 82' lang='lat' dir='ltr'><strong>fruges.</strong></span> <span class='ocrx_word' id='word_1_140' title='bbox 963 1458 1005 1508; x_wconf 81' lang='lat' dir='ltr'><strong>vel</strong></span> <span class='ocrx_word' id='word_1_141' title='bbox 1027 1457 1161 1513; x_wconf 82' lang='lat' dir='ltr'><strong>animalia</strong></span> 
     </span>
    </p>

    <p class='ocr_par' dir='ltr' id='par_1_5' title="bbox 117 1522 1184 1797">
     <span class='ocr_line' id='line_1_17' title="bbox 118 1522 1175 1593; baseline 0.003 -17"><span class='ocrx_word' id='word_1_142' title='bbox 118 1527 229 1589; x_wconf 79' lang='lat' dir='ltr'><strong>solent,</strong></span> <span class='ocrx_word' id='word_1_143' title='bbox 252 1524 300 1575; x_wconf 86' lang='lat' dir='ltr'><strong>sed</strong></span> <span class='ocrx_word' id='word_1_144' title='bbox 319 1523 352 1574; x_wconf 88' lang='lat' dir='ltr'><strong>de</strong></span> <span class='ocrx_word' id='word_1_145' title='bbox 369 1524 479 1586; x_wconf 89' lang='lat' dir='ltr'><strong>hieme,</strong></span> <span class='ocrx_word' id='word_1_146' title='bbox 503 1536 556 1590; x_wconf 87' lang='lat' dir='ltr'><strong>qua</strong></span> <span class='ocrx_word' id='word_1_147' title='bbox 574 1522 666 1573; x_wconf 81' lang='lat' dir='ltr'><strong>imber</strong></span> <span class='ocrx_word' id='word_1_148' title='bbox 684 1524 801 1590; x_wconf 82' lang='lat' dir='ltr'><strong>frigidus</strong></span> <span class='ocrx_word' id='word_1_149' title='bbox 819 1541 877 1575; x_wconf 84' lang='lat' dir='ltr'><strong>esso</strong></span> <span class='ocrx_word' id='word_1_150' title='bbox 893 1532 989 1593; x_wconf 86' lang='lat' dir='ltr'><strong>potest.</strong></span> <span class='ocrx_word' id='word_1_151' title='bbox 1024 1522 1175 1593; x_wconf 67' lang='lat' dir='ltr'><strong>Loquitur·¹</strong></span> 
     </span>
     <span class='ocr_line' id='line_1_18' title="bbox 118 1591 1184 1663; baseline 0.002 -17"><span class='ocrx_word' id='word_1_152' title='bbox 118 1603 219 1647; x_wconf 85' lang='lat' dir='ltr'><strong>autem</strong></span> <span class='ocrx_word' id='word_1_153' title='bbox 237 1593 304 1656; x_wconf 91' lang='lat' dir='ltr'><strong>hoc,</strong></span> <span class='ocrx_word' id='word_1_154' title='bbox 328 1593 478 1643; x_wconf 88' lang='lat' dir='ltr'><strong>secundum</strong></span> <span class='ocrx_word' id='word_1_155' title='bbox 495 1608 529 1663; x_wconf 68' lang='lat' dir='ltr'><strong>ea</strong></span> <span class='ocrx_word' id='word_1_156' title='bbox 547 1608 616 1658; x_wconf 78' lang='lat' dir='ltr'><strong>quae</strong></span> <span class='ocrx_word' id='word_1_157' title='bbox 640 1591 720 1642; x_wconf 87' lang='lat' dir='ltr'><strong>aliter</strong></span> <span class='ocrx_word' id='word_1_158' title='bbox 737 1593 979 1655; x_wconf 82' lang='lat' dir='ltr'><strong>dicuntur,·¹aliter</strong></span> <span class='ocrx_word' id='word_1_159' title='bbox 1004 1594 1184 1662; x_wconf 79' lang='lat' dir='ltr'><strong>audiuntur,·</strong></span> 
     </span>
     <span class='ocr_line' id='line_1_19' title="bbox 117 1660 1173 1730; baseline -0.001 -17"><span class='ocrx_word' id='word_1_160' title='bbox 117 1673 151 1713; x_wconf 88' lang='lat' dir='ltr'><strong>ut</strong></span> <span class='ocrx_word' id='word_1_161' title='bbox 169 1664 280 1714; x_wconf 90' lang='lat' dir='ltr'><strong>dictum</strong></span> <span class='ocrx_word' id='word_1_162' title='bbox 297 1660 357 1725; x_wconf 78' lang='lat' dir='ltr'><strong>est]</strong></span> <span class='ocrx_word' id='word_1_163' title='bbox 372 1686 407 1696; x_wconf 90' lang='lat'><em>-</em></span> <span class='ocrx_word' id='word_1_164' title='bbox 447 1664 510 1718; x_wconf 76' lang='lat'><strong>264.</strong></span> <span class='ocrx_word' id='word_1_165' title='bbox 533 1660 699 1722; x_wconf 75' lang='lat' dir='ltr'><strong>Exacuunt3</strong></span> <span class='ocrx_word' id='word_1_166' title='bbox 723 1670 877 1730; x_wconf 75' lang='lat' dir='ltr'><strong>repurgant</strong></span> <span class='ocrx_word' id='word_1_167' title='bbox 901 1660 928 1710; x_wconf 78' lang='lat' dir='ltr'><strong>ct</strong></span> <span class='ocrx_word' id='word_1_168' title='bbox 951 1664 1107 1714; x_wconf 88' lang='lat' dir='ltr'><strong>reformant</strong></span> <span class='ocrx_word' id='word_1_169' title='bbox 1128 1663 1173 1717; x_wconf 81' lang='lat' dir='ltr'><strong>in·</strong></span> 
     </span>
     <span class='ocr_line' id='line_1_20' title="bbox 118 1728 1161 1797; baseline 0.001 -13"><span class='ocrx_word' id='word_1_170' title='bbox 118 1731 299 1784; x_wconf 73' lang='lat' dir='ltr'><strong>altitudinem</strong></span> <span class='ocrx_word' id='word_1_171' title='bbox 317 1730 471 1796; x_wconf 82' lang='lat' dir='ltr'><strong>pristinam.</strong></span> <span class='ocrx_word' id='word_1_172' title='bbox 509 1728 620 1792; x_wconf 78' lang='lat' dir='ltr'><strong>Volios;</strong></span> <span class='ocrx_word' id='word_1_173' title='bbox 645 1731 906 1797; x_wconf 45' lang='lat' dir='ltr'><strong>fossasqtffmuros</strong></span> <span class='ocrx_word' id='word_1_174' title='bbox 923 1731 957 1782; x_wconf 89' lang='lat' dir='ltr'><strong>de</strong></span> <span class='ocrx_word' id='word_1_175' title='bbox 974 1738 1049 1783; x_wconf 83' lang='lat' dir='ltr'><strong>terra</strong></span> <span class='ocrx_word' id='word_1_176' title='bbox 1073 1733 1161 1785; x_wconf 81' lang='lat' dir='ltr'><strong>factos</strong></span> 
     </span>
    </p>

    <p class='ocr_par' dir='ltr' id='par_1_6' title="bbox 119 1797 1176 3519">
     <span class='ocr_line' id='line_1_21' title="bbox 120 1797 1176 1869; baseline 0 -17"><span class='ocrx_word' id='word_1_177' title='bbox 120 1808 149 1852; x_wconf 87' lang='lat' dir='ltr'><strong>et</strong></span> <span class='ocrx_word' id='word_1_178' title='bbox 166 1799 275 1869; x_wconf 85' lang='lat' dir='ltr'><strong>glebis,</strong></span> <span class='ocrx_word' id='word_1_179' title='bbox 298 1799 345 1864; x_wconf 91' lang='lat' dir='ltr'><strong>qui</strong></span> <span class='ocrx_word' id='word_1_180' title='bbox 362 1798 432 1847; x_wconf 87' lang='lat' dir='ltr'><strong>liunt</strong></span> <span class='ocrx_word' id='word_1_181' title='bbox 455 1797 619 1848; x_wconf 89' lang='lat' dir='ltr'><strong>incircuitu</strong></span> <span class='ocrx_word' id='word_1_182' title='bbox 636 1798 795 1861; x_wconf 82' lang='lat' dir='ltr'><strong>cohortium,</strong></span> <span class='ocrx_word' id='word_1_183' title='bbox 809 1806 838 1849; x_wconf 82' lang='lat' dir='ltr'><strong>et</strong></span> <span class='ocrx_word' id='word_1_184' title='bbox 853 1797 1010 1850; x_wconf 76' lang='lat' dir='ltr'><strong>tinearum:</strong></span> <span class='ocrx_word' id='word_1_185' title='bbox 1036 1808 1084 1850; x_wconf 87' lang='lat' dir='ltr'><strong>aut</strong></span> <span class='ocrx_word' id='word_1_186' title='bbox 1102 1802 1176 1865; x_wconf 64' lang='lat' dir='ltr'><strong>qui-⁸</strong></span> 
     </span>
     <span class='ocr_line' id='line_1_22' title="bbox 121 1864 1161 1936; baseline 0.001 -17"><span class='ocrx_word' id='word_1_187' title='bbox 121 1869 175 1931; x_wconf 73' lang='lat' dir='ltr'><strong>lius</strong></span> <span class='ocrx_word' id='word_1_188' title='bbox 194 1884 284 1936; x_wconf 86' lang='lat' dir='ltr'><strong>aquae</strong></span> <span class='ocrx_word' id='word_1_189' title='bbox 301 1869 438 1917; x_wconf 88' lang='lat' dir='ltr'><strong>ducuntur</strong></span> <span class='ocrx_word' id='word_1_190' title='bbox 456 1867 489 1917; x_wconf 90' lang='lat' dir='ltr'><strong>de</strong></span> <span class='ocrx_word' id='word_1_191' title='bbox 512 1866 577 1917; x_wconf 91' lang='lat' dir='ltr'><strong>locis</strong></span> <span class='ocrx_word' id='word_1_192' title='bbox 595 1865 709 1932; x_wconf 78' lang='lat' dir='ltr'><strong>aquosis.</strong></span> <span class='ocrx_word' id='word_1_193' title='bbox 743 1864 938 1933; x_wconf 65' lang='lat' dir='ltr'><strong>Vallos‚,quos</strong></span> <span class='ocrx_word' id='word_1_194' title='bbox 961 1868 1047 1934; x_wconf 79' lang='lat' dir='ltr'><strong>aliqui</strong></span> <span class='ocrx_word' id='word_1_195' title='bbox 1070 1871 1161 1935; x_wconf 78' lang='lat' dir='ltr'><strong>palos,</strong></span> 
     </span>
     <span class='ocr_line' id='line_1_23' title="bbox 121 1932 1161 2003; baseline 0.002 -15"><span class='ocrx_word' id='word_1_196' title='bbox 121 1938 229 1989; x_wconf 87' lang='lat' dir='ltr'><strong>Gracci</strong></span> <span class='ocrx_word' id='word_1_197' title='bbox 252 1932 388 2003; x_wconf 73' lang='grc' dir='ltr'><strong>χάρακας,</strong></span> <span class='ocrx_word' id='word_1_198' title='bbox 414 1936 549 1986; x_wconf 85' lang='lat' dir='ltr'><strong>Homerus</strong></span> <span class='ocrx_word' id='word_1_199' title='bbox 573 1935 615 2002; x_wconf 83' lang='lat' dir='ltr'><strong>(ll.</strong></span> <span class='ocrx_word' id='word_1_200' title='bbox 632 1954 668 2002; x_wconf 81' lang='grc' dir='ltr'><strong>μ,</strong></span> <span class='ocrx_word' id='word_1_201' title='bbox 686 1937 747 1997; x_wconf 78' lang='grc'><strong>63.)</strong></span> <span class='ocrx_word' id='word_1_202' title='bbox 771 1932 912 1987; x_wconf 69' lang='grc' dir='ltr'><strong><em>σκόλοπας.</em></strong></span> <span class='ocrx_word' id='word_1_203' title='bbox 953 1937 1043 2001; x_wconf 82' lang='lat' dir='ltr'><strong>Aelius</strong></span> <span class='ocrx_word' id='word_1_204' title='bbox 1067 1937 1161 1990; x_wconf 82' lang='lat' dir='ltr'><strong>Gallus</strong></span> 
     </span>
     <span class='ocr_line' id='line_1_24' title="bbox 123 2000 1161 2074; baseline -0.001 -16"><span class='ocrx_word' id='word_1_205' title='bbox 123 2007 160 2058; x_wconf 86' lang='lat' dir='ltr'><strong>de</strong></span> <span class='ocrx_word' id='word_1_206' title='bbox 176 2005 271 2058; x_wconf 80' lang='lat' dir='ltr'><strong>verbis</strong></span> <span class='ocrx_word' id='word_1_207' title='bbox 288 2006 323 2056; x_wconf 89' lang='lat' dir='ltr'><strong>ad</strong></span> <span class='ocrx_word' id='word_1_208' title='bbox 339 2008 381 2055; x_wconf 90' lang='lat' dir='ltr'><strong>ius</strong></span> <span class='ocrx_word' id='word_1_209' title='bbox 399 2004 476 2054; x_wconf 88' lang='lat' dir='ltr'><strong>civile</strong></span> <span class='ocrx_word' id='word_1_210' title='bbox 493 2003 705 2073; x_wconf 84' lang='lat' dir='ltr'><strong>pertinentibus,</strong></span> <span class='ocrx_word' id='word_1_211' title='bbox 721 2004 804 2054; x_wconf 82' lang='lat' dir='ltr'><strong>vallos</strong></span> <span class='ocrx_word' id='word_1_212' title='bbox 820 2005 926 2070; x_wconf 80' lang='lat' dir='ltr'><strong>tegulas</strong></span> <span class='ocrx_word' id='word_1_213' title='bbox 941 2007 1071 2071; x_wconf 83' lang='lat' dir='ltr'><strong>grandes,</strong></span> <span class='ocrx_word' id='word_1_214' title='bbox 1089 2000 1161 2074; x_wconf 79' lang='lat' dir='ltr'><strong>quad</strong></span> 
     </span>
     <span class='ocr_line' id='line_1_25' title="bbox 120 2072 1162 2142; baseline 0.002 -17"><span class='ocrx_word' id='word_1_215' title='bbox 120 2091 209 2142; x_wconf 84' lang='lat' dir='ltr'><strong>supra</strong></span> <span class='ocrx_word' id='word_1_216' title='bbox 228 2074 349 2125; x_wconf 80' lang='lat' dir='ltr'><strong>collicias</strong></span> <span class='ocrx_word' id='word_1_217' title='bbox 366 2073 479 2123; x_wconf 78' lang='lat' dir='ltr'><strong>infimae</strong></span> <span class='ocrx_word' id='word_1_218' title='bbox 496 2081 635 2140; x_wconf 81' lang='lat' dir='ltr'><strong>ponuntur</strong></span> <span class='ocrx_word' id='word_1_219' title='bbox 658 2072 785 2140; x_wconf 87' lang='lat' dir='ltr'><strong>appellat.</strong></span> <span class='ocrx_word' id='word_1_220' title='bbox 817 2073 871 2125; x_wconf 89' lang='lat' dir='ltr'><strong>Alii</strong></span> <span class='ocrx_word' id='word_1_221' title='bbox 888 2073 969 2124; x_wconf 86' lang='lat' dir='ltr'><strong>vallos</strong></span> <span class='ocrx_word' id='word_1_222' title='bbox 987 2074 1033 2126; x_wconf 87' lang='lat' dir='ltr'><strong>hic</strong></span> <span class='ocrx_word' id='word_1_223' title='bbox 1051 2076 1162 2142; x_wconf 88' lang='lat' dir='ltr'><strong>quadri-</strong></span> 
     </span>
     <span class='ocr_line' id='line_1_26' title="bbox 121 2140 1163 2208; baseline 0 -12"><span class='ocrx_word' id='word_1_224' title='bbox 121 2144 222 2197; x_wconf 78' lang='lat' dir='ltr'><strong>dentes</strong></span> <span class='ocrx_word' id='word_1_225' title='bbox 247 2142 349 2194; x_wconf 90' lang='lat' dir='ltr'><strong>dicunt.</strong></span> <span class='ocrx_word' id='word_1_226' title='bbox 395 2142 468 2192; x_wconf 83' lang='lat' dir='ltr'><strong>Nam</strong></span> <span class='ocrx_word' id='word_1_227' title='bbox 493 2141 575 2190; x_wconf 86' lang='lat' dir='ltr'><strong>vallos</strong></span> <span class='ocrx_word' id='word_1_228' title='bbox 597 2140 644 2207; x_wconf 89' lang='lat' dir='ltr'><strong>qui</strong></span> <span class='ocrx_word' id='word_1_229' title='bbox 669 2142 792 2208; x_wconf 79' lang='lat' dir='ltr'><strong>scolopes</strong></span> <span class='ocrx_word' id='word_1_230' title='bbox 816 2143 944 2194; x_wconf 87' lang='lat' dir='ltr'><strong>dicuntur</strong></span> <span class='ocrx_word' id='word_1_231' title='bbox 974 2150 1038 2195; x_wconf 84' lang='lat' dir='ltr'><strong>ante</strong></span> <span class='ocrx_word' id='word_1_232' title='bbox 1066 2158 1163 2196; x_wconf 86' lang='lat' dir='ltr'><strong>muros</strong></span> 
     </span>
     <span class='ocr_line' id='line_1_27' title="bbox 121 2209 1162 2284; baseline 0.002 -21"><span class='ocrx_word' id='word_1_233' title='bbox 121 2212 207 2284; x_wconf 86' lang='lat' dir='ltr'><strong>poni,</strong></span> <span class='ocrx_word' id='word_1_234' title='bbox 231 2220 263 2263; x_wconf 90' lang='lat' dir='ltr'><strong>ut</strong></span> <span class='ocrx_word' id='word_1_235' title='bbox 286 2213 333 2275; x_wconf 88' lang='lat' dir='ltr'><strong>(A.</strong></span> <span class='ocrx_word' id='word_1_236' title='bbox 352 2215 385 2275; x_wconf 80' lang='grc'><strong>9,</strong></span> <span class='ocrx_word' id='word_1_237' title='bbox 404 2209 491 2271; x_wconf 62' lang='lat' dir='ltr'><strong>issi-l:</strong></span> <span class='ocrx_word' id='word_1_238' title='bbox 514 2210 663 2261; x_wconf 61' lang='lat' dir='ltr'><strong>Rescindi!</strong></span> <span class='ocrx_word' id='word_1_239' title='bbox 685 2211 808 2278; x_wconf 84' lang='lat' dir='ltr'><strong>vallum,</strong></span> <span class='ocrx_word' id='word_1_240' title='bbox 832 2224 856 2261; x_wconf 81' lang='lat' dir='ltr'><strong>et</strong></span> <span class='ocrx_word' id='word_1_241' title='bbox 881 2212 976 2261; x_wconf 81' lang='lat' dir='ltr'><strong>scalas</strong></span> <span class='ocrx_word' id='word_1_242' title='bbox 994 2213 1033 2281; x_wconf 60' lang='lat' dir='ltr'><strong>ar}</strong></span> <span class='ocrx_word' id='word_1_243' title='bbox 1049 2216 1162 2269; x_wconf 77' lang='lat' dir='ltr'><strong>moenia</strong></span> 
     </span>
     <span class='ocr_line' id='line_1_28' title="bbox 121 2279 1161 2351; baseline -0.002 -17"><span class='ocrx_word' id='word_1_244' title='bbox 121 2283 227 2348; x_wconf 80' lang='lat' dir='ltr'><strong>poscit,</strong></span> <span class='ocrx_word' id='word_1_245' title='bbox 261 2280 409 2339; x_wconf 83' lang='lat' dir='ltr'><strong>Bicornes3</strong></span> <span class='ocrx_word' id='word_1_246' title='bbox 433 2279 552 2330; x_wconf 87' lang='lat' dir='ltr'><strong>duorum</strong></span> <span class='ocrx_word' id='word_1_247' title='bbox 580 2294 724 2331; x_wconf 88' lang='lat' dir='ltr'><strong>cornuum.</strong></span> <span class='ocrx_word' id='word_1_248' title='bbox 742 2307 775 2317; x_wconf 94' lang='lat'><em>-</em></span> <span class='ocrx_word' id='word_1_249' title='bbox 817 2285 878 2339; x_wconf 55' lang='lat'><strong>26&amp;</strong></span> <span class='ocrx_word' id='word_1_250' title='bbox 895 2281 1030 2333; x_wconf 64' lang='lat' dir='ltr'><strong>Amerina</strong></span> <span class='ocrx_word' id='word_1_251' title='bbox 1049 2282 1161 2351; x_wconf 63' lang='lat' dir='ltr'><strong>letina-</strong></span> 
     </span>
     <span class='ocr_line' id='line_1_29' title="bbox 124 2347 1165 2418; baseline 0.002 -17"><span class='ocrx_word' id='word_1_252' title='bbox 124 2352 210 2416; x_wconf 82' lang='lat' dir='ltr'><strong>cula,·</strong></span> <span class='ocrx_word' id='word_1_253' title='bbox 234 2350 323 2417; x_wconf 80' lang='lat' dir='ltr'><strong>virgas</strong></span> <span class='ocrx_word' id='word_1_254' title='bbox 340 2350 374 2400; x_wconf 87' lang='lat' dir='ltr'><strong>de</strong></span> <span class='ocrx_word' id='word_1_255' title='bbox 394 2348 575 2416; x_wconf 81' lang='lat' dir='ltr'><strong>quibusvites</strong></span> <span class='ocrx_word' id='word_1_256' title='bbox 598 2347 787 2415; x_wconf 82' lang='lat' dir='ltr'><strong>[re]ligantur,</strong></span> <span class='ocrx_word' id='word_1_257' title='bbox 810 2366 881 2417; x_wconf 87' lang='lat' dir='ltr'><strong>quae</strong></span> <span class='ocrx_word' id='word_1_258' title='bbox 906 2349 1165 2418; x_wconf 75' lang='lat' dir='ltr'><strong>virgae·abuiidant</strong></span> 
     </span>
     <span class='ocr_line' id='line_1_30' title="bbox 122 2416 1163 2486; baseline 0.003 -16"><span class='ocrx_word' id='word_1_259' title='bbox 122 2420 201 2484; x_wconf 58' lang='lat' dir='ltr'><strong>circa</strong></span> <span class='ocrx_word' id='word_1_260' title='bbox 225 2417 403 2481; x_wconf 85' lang='lat' dir='ltr'><strong>Amerinum,</strong></span> <span class='ocrx_word' id='word_1_261' title='bbox 428 2417 558 2486; x_wconf 86' lang='lat' dir='ltr'><strong>oppidum</strong></span> <span class='ocrx_word' id='word_1_262' title='bbox 580 2416 689 2482; x_wconf 84' lang='lat' dir='ltr'><strong>Italiae,</strong></span> <span class='ocrx_word' id='word_1_263' title='bbox 719 2419 794 2467; x_wconf 85' lang='lat' dir='ltr'><strong>cuins</strong></span> <span class='ocrx_word' id='word_1_264' title='bbox 819 2418 949 2469; x_wconf 87' lang='lat' dir='ltr'><strong>crebram</strong></span> <span class='ocrx_word' id='word_1_265' title='bbox 971 2420 1002 2471; x_wconf 84' lang='lat' dir='ltr'><strong>in</strong></span> <span class='ocrx_word' id='word_1_266' title='bbox 1025 2420 1163 2483; x_wconf 67' lang='lat' dir='ltr'><strong>Rouianu</strong></span> 
     </span>
     <span class='ocr_line' id='line_1_31' title="bbox 124 2484 1162 2556; baseline 0.003 -16"><span class='ocrx_word' id='word_1_267' title='bbox 124 2487 196 2540; x_wconf 77' lang='lat' dir='ltr'><strong>iacit</strong></span> <span class='ocrx_word' id='word_1_268' title='bbox 210 2487 311 2549; x_wconf 86' lang='lat' dir='ltr'><strong>Cicero</strong></span> <span class='ocrx_word' id='word_1_269' title='bbox 329 2484 507 2537; x_wconf 77' lang='lat' dir='ltr'><strong>mentionem.</strong></span> <span class='ocrx_word' id='word_1_270' title='bbox 543 2485 605 2552; x_wconf 85' lang='lat' dir='ltr'><strong>[Alii</strong></span> <span class='ocrx_word' id='word_1_271' title='bbox 622 2501 708 2552; x_wconf 85' lang='lat' dir='ltr'><strong>genus</strong></span> <span class='ocrx_word' id='word_1_272' title='bbox 725 2487 813 2538; x_wconf 86' lang='lat' dir='ltr'><strong>salicis</strong></span> <span class='ocrx_word' id='word_1_273' title='bbox 829 2487 932 2553; x_wconf 79' lang='lat' dir='ltr'><strong>dicunt,</strong></span> <span class='ocrx_word' id='word_1_274' title='bbox 949 2487 1053 2556; x_wconf 78' lang='lat' dir='ltr'><strong>dispari</strong></span> <span class='ocrx_word' id='word_1_275' title='bbox 1070 2490 1162 2543; x_wconf 80' lang='lat' dir='ltr'><strong>colere</strong></span> 
     </span>
     <span class='ocr_line' id='line_1_32' title="bbox 124 2540 1163 2633; baseline 0.002 -24"><span class='ocrx_word' id='word_1_276' title='bbox 124 2574 144 2609; x_wconf 87' lang='lat' dir='ltr'><strong>a</strong></span> <span class='ocrx_word' id='word_1_277' title='bbox 162 2564 257 2609; x_wconf 87' lang='lat' dir='ltr'><strong>cetera</strong></span> <span class='ocrx_word' id='word_1_278' title='bbox 275 2556 370 2633; x_wconf 59' lang='lat' dir='ltr'><strong>salice:</strong></span> <span class='ocrx_word' id='word_1_279' title='bbox 387 2571 454 2604; x_wconf 84' lang='lat' dir='ltr'><strong>narn</strong></span> <span class='ocrx_word' id='word_1_280' title='bbox 472 2562 513 2606; x_wconf 85' lang='lat' dir='ltr'><strong>est</strong></span> <span class='ocrx_word' id='word_1_281' title='bbox 529 2540 629 2619; x_wconf 84' lang='lat' dir='ltr'><strong>rubra,</strong></span> <span class='ocrx_word' id='word_1_282' title='bbox 647 2562 674 2606; x_wconf 87' lang='lat' dir='ltr'><strong>et</strong></span> <span class='ocrx_word' id='word_1_283' title='bbox 690 2555 724 2605; x_wconf 89' lang='lat' dir='ltr'><strong>ad</strong></span> <span class='ocrx_word' id='word_1_284' title='bbox 738 2552 957 2624; x_wconf 84' lang='lat' dir='ltr'><strong>connectendum</strong></span> <span class='ocrx_word' id='word_1_285' title='bbox 975 2559 1079 2624; x_wconf 89' lang='lat' dir='ltr'><strong>aptior,</strong></span> <span class='ocrx_word' id='word_1_286' title='bbox 1097 2560 1163 2625; x_wconf 85' lang='lat' dir='ltr'><strong>quia</strong></span> 
     </span>
     <span class='ocr_line' id='line_1_33' title="bbox 124 2623 1162 2697; baseline 0.002 -20"><span class='ocrx_word' id='word_1_287' title='bbox 124 2633 240 2697; x_wconf 68' lang='lat' dir='ltr'><strong>praeter</strong></span> <span class='ocrx_word' id='word_1_288' title='bbox 263 2640 374 2686; x_wconf 78' lang='lat' dir='ltr'><strong>morem</strong></span> <span class='ocrx_word' id='word_1_289' title='bbox 398 2623 472 2674; x_wconf 81' lang='lat' dir='ltr'><strong>lenta</strong></span> <span class='ocrx_word' id='word_1_290' title='bbox 489 2631 543 2687; x_wconf 88' lang='lat' dir='ltr'><strong>est,</strong></span> <span class='ocrx_word' id='word_1_291' title='bbox 567 2639 637 2690; x_wconf 88' lang='lat' dir='ltr'><strong>qnae</strong></span> <span class='ocrx_word' id='word_1_292' title='bbox 654 2639 728 2674; x_wconf 92' lang='lat' dir='ltr'><strong>nunc</strong></span> <span class='ocrx_word' id='word_1_293' title='bbox 746 2638 855 2692; x_wconf 85' lang='lat' dir='ltr'><strong>qnoque</strong></span> <span class='ocrx_word' id='word_1_294' title='bbox 871 2626 1004 2677; x_wconf 83' lang='lat' dir='ltr'><strong>Amerina</strong></span> <span class='ocrx_word' id='word_1_295' title='bbox 1021 2644 1038 2678; x_wconf 87' lang='lat' dir='ltr'><strong>a</strong></span> <span class='ocrx_word' id='word_1_296' title='bbox 1054 2627 1162 2679; x_wconf 86' lang='lat' dir='ltr'><strong>rusticis</strong></span> 
     </span>
     <span class='ocr_line' id='line_1_34' title="bbox 125 2692 1165 2765; baseline 0.001 -17"><span class='ocrx_word' id='word_1_297' title='bbox 125 2694 239 2748; x_wconf 85' lang='lat' dir='ltr'><strong>dicitur.</strong></span> <span class='ocrx_word' id='word_1_298' title='bbox 272 2693 380 2744; x_wconf 83' lang='lat' dir='ltr'><strong>Lentae</strong></span> <span class='ocrx_word' id='word_1_299' title='bbox 391 2700 490 2743; x_wconf 82' lang='lat' dir='ltr'><strong>autem</strong></span> <span class='ocrx_word' id='word_1_300' title='bbox 507 2693 652 2743; x_wconf 84' lang='lat' dir='ltr'><strong>flexuosae.</strong></span> <span class='ocrx_word' id='word_1_301' title='bbox 686 2692 735 2743; x_wconf 91' lang='lat' dir='ltr'><strong>Hic</strong></span> <span class='ocrx_word' id='word_1_302' title='bbox 754 2700 945 2760; x_wconf 83' lang='lat' dir='ltr'><strong>computatae</strong></span> <span class='ocrx_word' id='word_1_303' title='bbox 964 2694 1165 2765; x_wconf 77' lang='lat' dir='ltr'><strong>quaequilibet</strong></span> 
     </span>
     <span class='ocr_line' id='line_1_35' title="bbox 125 2760 1165 2833; baseline -0.002 -16"><span class='ocrx_word' id='word_1_304' title='bbox 125 2763 207 2817; x_wconf 88' lang='lat' dir='ltr'><strong>domi</strong></span> <span class='ocrx_word' id='word_1_305' title='bbox 232 2770 322 2829; x_wconf 89' lang='lat' dir='ltr'><strong>potest</strong></span> <span class='ocrx_word' id='word_1_306' title='bbox 344 2764 451 2825; x_wconf 86' lang='lat' dir='ltr'><strong>facere,</strong></span> <span class='ocrx_word' id='word_1_307' title='bbox 475 2761 542 2811; x_wconf 89' lang='lat' dir='ltr'><strong>dum</strong></span> <span class='ocrx_word' id='word_1_308' title='bbox 568 2761 603 2810; x_wconf 90' lang='lat' dir='ltr'><strong>ab</strong></span> <span class='ocrx_word' id='word_1_309' title='bbox 627 2760 797 2833; x_wconf 66' lang='lat' dir='ltr'><strong>agricultura</strong></span> <span class='ocrx_word' id='word_1_310' title='bbox 814 2761 911 2829; x_wconf 86' lang='lat' dir='ltr'><strong>pluviis</strong></span> <span class='ocrx_word' id='word_1_311' title='bbox 927 2763 1092 2833; x_wconf 65' lang='lat' dir='ltr'><strong>impeditur,</strong></span> <span class='ocrx_word' id='word_1_312' title='bbox 1115 2772 1165 2817; x_wconf 84' lang='lat' dir='ltr'><strong>aut</strong></span> 
     </span>
     <span class='ocr_line' id='line_1_36' title="bbox 124 2830 1165 2898; baseline -0.002 -12"><span class='ocrx_word' id='word_1_313' title='bbox 124 2831 251 2886; x_wconf 80' lang='lat' dir='ltr'><strong>nimium</strong></span> <span class='ocrx_word' id='word_1_314' title='bbox 273 2831 361 2898; x_wconf 80' lang='lat' dir='ltr'><strong>frigus</strong></span> <span class='ocrx_word' id='word_1_315' title='bbox 384 2838 491 2881; x_wconf 85' lang='lat' dir='ltr'><strong>terram</strong></span> <span class='ocrx_word' id='word_1_316' title='bbox 514 2830 694 2895; x_wconf 81' lang='lat' dir='ltr'><strong>constringit,</strong></span> <span class='ocrx_word' id='word_1_317' title='bbox 717 2838 815 2880; x_wconf 85' lang='lat' dir='ltr'><strong>cuncta</strong></span> <span class='ocrx_word' id='word_1_318' title='bbox 840 2831 916 2881; x_wconf 90' lang='lat' dir='ltr'><strong>enim</strong></span> <span class='ocrx_word' id='word_1_319' title='bbox 939 2832 1018 2884; x_wconf 87' lang='lat' dir='ltr'><strong>utilia</strong></span> <span class='ocrx_word' id='word_1_320' title='bbox 1034 2839 1098 2885; x_wconf 81' lang='lat' dir='ltr'><strong>sunt</strong></span> <span class='ocrx_word' id='word_1_321' title='bbox 1113 2832 1165 2885; x_wconf 89' lang='lat' dir='ltr'><strong>hu-</strong></span> 
     </span>
     <span class='ocr_line' id='line_1_37' title="bbox 125 2894 1165 2967; baseline -0.002 -12"><span class='ocrx_word' id='word_1_322' title='bbox 125 2915 214 2954; x_wconf 86' lang='lat' dir='ltr'><strong>mano</strong></span> <span class='ocrx_word' id='word_1_323' title='bbox 238 2899 299 2949; x_wconf 86' lang='lat' dir='ltr'><strong>usui</strong></span> <span class='ocrx_word' id='word_1_324' title='bbox 324 2916 395 2967; x_wconf 92' lang='lat' dir='ltr'><strong>quae</strong></span> <span class='ocrx_word' id='word_1_325' title='bbox 416 2897 461 2949; x_wconf 91' lang='lat' dir='ltr'><strong>hic</strong></span> <span class='ocrx_word' id='word_1_326' title='bbox 485 2898 563 2958; x_wconf 92' lang='lat' dir='ltr'><strong>dicit,</strong></span> <span class='ocrx_word' id='word_1_327' title='bbox 588 2905 617 2949; x_wconf 91' lang='lat' dir='ltr'><strong>et</strong></span> <span class='ocrx_word' id='word_1_328' title='bbox 640 2894 738 2965; x_wconf 72' lang='lat' dir='ltr'><strong>quovis&#39;</strong></span> <span class='ocrx_word' id='word_1_329' title='bbox 756 2906 883 2964; x_wconf 86' lang='lat' dir='ltr'><strong>tempore</strong></span> <span class='ocrx_word' id='word_1_330' title='bbox 907 2908 1020 2967; x_wconf 86' lang='lat' dir='ltr'><strong>possunt</strong></span> <span class='ocrx_word' id='word_1_331' title='bbox 1041 2900 1165 2953; x_wconf 58' lang='lat' dir='ltr'><strong>fieriv-</strong></span> 
     </span>
     <span class='ocr_line' id='line_1_38' title="bbox 125 2965 1166 3034; baseline 0.004 -17"><span class='ocrx_word' id='word_1_332' title='bbox 125 2975 191 3029; x_wconf 77' lang='lat'><strong>266.</strong></span> <span class='ocrx_word' id='word_1_333' title='bbox 209 2966 333 3032; x_wconf 83' lang='lat' dir='ltr'><strong>Fa&#39;cilis,·</strong></span> <span class='ocrx_word' id='word_1_334' title='bbox 359 2967 394 3019; x_wconf 85' lang='lat' dir='ltr'><strong>de</strong></span> <span class='ocrx_word' id='word_1_335' title='bbox 419 2983 474 3033; x_wconf 85' lang='lat' dir='ltr'><strong>qua</strong></span> <span class='ocrx_word' id='word_1_336' title='bbox 498 2966 583 3018; x_wconf 85' lang='lat' dir='ltr'><strong>facile</strong></span> <span class='ocrx_word' id='word_1_337' title='bbox 601 2965 705 3034; x_wconf 87' lang='lat' dir='ltr'><strong>aliquid</strong></span> <span class='ocrx_word' id='word_1_338' title='bbox 728 2965 783 3017; x_wconf 80' lang='lat' dir='ltr'><strong>liat.</strong></span> <span class='ocrx_word' id='word_1_339' title='bbox 818 2968 896 3019; x_wconf 88' lang='lat' dir='ltr'><strong>Unde</strong></span> <span class='ocrx_word' id='word_1_340' title='bbox 920 2969 1015 3021; x_wconf 84' lang='lat' dir='ltr'><strong>faciles</strong></span> <span class='ocrx_word' id='word_1_341' title='bbox 1036 2966 1166 3025; x_wconf 82' lang='lat' dir='ltr'><strong>homines</strong></span> 
     </span>
     <span class='ocr_line' id='line_1_39' title="bbox 126 3035 1164 3108; baseline 0.004 -20"><span class='ocrx_word' id='word_1_342' title='bbox 126 3039 177 3108; x_wconf 87' lang='lat' dir='ltr'><strong>qui</strong></span> <span class='ocrx_word' id='word_1_343' title='bbox 200 3037 255 3088; x_wconf 87' lang='lat' dir='ltr'><strong>hac</strong></span> <span class='ocrx_word' id='word_1_344' title='bbox 281 3046 308 3088; x_wconf 92' lang='lat' dir='ltr'><strong>et</strong></span> <span class='ocrx_word' id='word_1_345' title='bbox 331 3036 393 3087; x_wconf 90' lang='lat' dir='ltr'><strong>illac</strong></span> <span class='ocrx_word' id='word_1_346' title='bbox 417 3038 471 3086; x_wconf 87' lang='lat' dir='ltr'><strong>cito</strong></span> <span class='ocrx_word' id='word_1_347' title='bbox 489 3037 635 3086; x_wconf 88' lang='lat' dir='ltr'><strong>ducuntur.</strong></span> <span class='ocrx_word' id='word_1_348' title='bbox 668 3035 743 3102; x_wconf 72' lang='lat' dir='ltr'><strong>Ergo</strong></span> <span class='ocrx_word' id='word_1_349' title='bbox 762 3035 870 3086; x_wconf 80' lang='lat' dir='ltr'><strong>Facilis</strong></span> <span class='ocrx_word' id='word_1_350' title='bbox 894 3055 964 3106; x_wconf 88' lang='lat' dir='ltr'><strong>quae</strong></span> <span class='ocrx_word' id='word_1_351' title='bbox 983 3039 1037 3088; x_wconf 89' lang='lat' dir='ltr'><strong>cito</strong></span> <span class='ocrx_word' id='word_1_352' title='bbox 1060 3039 1164 3107; x_wconf 84' lang='lat' dir='ltr'><strong>legitur</strong></span> 
     </span>
     <span class='ocr_line' id='line_1_40' title="bbox 128 3101 1165 3175; baseline 0.002 -18"><span class='ocrx_word' id='word_1_353' title='bbox 128 3109 237 3174; x_wconf 76' lang='lat' dir='ltr'><strong>(Burin.</strong></span> <span class='ocrx_word' id='word_1_354' title='bbox 255 3105 326 3157; x_wconf 86' lang='lat' dir='ltr'><strong>coni.</strong></span> <span class='ocrx_word' id='word_1_355' title='bbox 346 3104 473 3171; x_wconf 82' lang='lat' dir='ltr'><strong>ligetur),</strong></span> <span class='ocrx_word' id='word_1_356' title='bbox 491 3104 533 3155; x_wconf 84' lang='lat' dir='ltr'><strong>vel</strong></span> <span class='ocrx_word' id='word_1_357' title='bbox 549 3101 686 3166; x_wconf 69' lang='lat' dir='ltr'><strong>solvatur]</strong></span> <span class='ocrx_word' id='word_1_358' title='bbox 721 3105 818 3155; x_wconf 70' lang='lat' dir='ltr'><strong>Rubra</strong></span> <span class='ocrx_word' id='word_1_359' title='bbox 838 3107 935 3173; x_wconf 78' lang='lat' dir='ltr'><strong>virgo,·</strong></span> <span class='ocrx_word' id='word_1_360' title='bbox 955 3125 1025 3175; x_wconf 87' lang='lat' dir='ltr'><strong>quae</strong></span> <span class='ocrx_word' id='word_1_361' title='bbox 1042 3108 1165 3159; x_wconf 86' lang='lat' dir='ltr'><strong>abundat</strong></span> 
     </span>
     <span class='ocr_line' id='line_1_41' title="bbox 125 3172 1165 3242; baseline 0.002 -16"><span class='ocrx_word' id='word_1_362' title='bbox 125 3177 203 3227; x_wconf 85' lang='lat' dir='ltr'><strong>circa</strong></span> <span class='ocrx_word' id='word_1_363' title='bbox 221 3173 316 3224; x_wconf 88' lang='lat' dir='ltr'><strong>Rubos</strong></span> <span class='ocrx_word' id='word_1_364' title='bbox 339 3174 434 3224; x_wconf 88' lang='lat' dir='ltr'><strong>Italiac</strong></span> <span class='ocrx_word' id='word_1_365' title='bbox 457 3172 597 3242; x_wconf 87' lang='lat' dir='ltr'><strong>oppidum.</strong></span> <span class='ocrx_word' id='word_1_366' title='bbox 631 3173 761 3222; x_wconf 81' lang='lat' dir='ltr'><strong>Horatius</strong></span> <span class='ocrx_word' id='word_1_367' title='bbox 783 3174 885 3241; x_wconf 84' lang='lat' dir='ltr'><strong>(Serm.</strong></span> <span class='ocrx_word' id='word_1_368' title='bbox 905 3182 936 3240; x_wconf 91' lang='lat'><strong>1,</strong></span> <span class='ocrx_word' id='word_1_369' title='bbox 955 3183 986 3237; x_wconf 83' lang='lat'><strong>5,</strong></span> <span class='ocrx_word' id='word_1_370' title='bbox 1004 3178 1071 3237; x_wconf 70' lang='grc'><strong>94.);</strong></span> <span class='ocrx_word' id='word_1_371' title='bbox 1094 3177 1165 3229; x_wconf 78' lang='lat' dir='ltr'><strong>Inde</strong></span> 
     </span>
     <span class='ocr_line' id='line_1_42' title="bbox 125 3240 1165 3315; baseline 0.003 -20"><span class='ocrx_word' id='word_1_372' title='bbox 125 3245 229 3295; x_wconf 84' lang='lat' dir='ltr'><strong>Rubos</strong></span> <span class='ocrx_word' id='word_1_373' title='bbox 247 3242 326 3310; x_wconf 82' lang='lat' dir='ltr'><strong>fessi</strong></span> <span class='ocrx_word' id='word_1_374' title='bbox 348 3244 534 3309; x_wconf 76' lang='lat' dir='ltr'><strong>pervenimus.</strong></span> <span class='ocrx_word' id='word_1_375' title='bbox 568 3243 588 3292; x_wconf 91' lang='lat'><strong>1.</strong></span> <span class='ocrx_word' id='word_1_376' title='bbox 605 3259 628 3292; x_wconf 88' lang='lat' dir='ltr'><strong>e.</strong></span> <span class='ocrx_word' id='word_1_377' title='bbox 646 3258 679 3292; x_wconf 86' lang='lat' dir='ltr'><strong>ea</strong></span> <span class='ocrx_word' id='word_1_378' title='bbox 696 3240 773 3308; x_wconf 84' lang='lat' dir='ltr'><strong>virga</strong></span> <span class='ocrx_word' id='word_1_379' title='bbox 790 3261 861 3310; x_wconf 82' lang='lat' dir='ltr'><strong>quac</strong></span> <span class='ocrx_word' id='word_1_380' title='bbox 878 3246 949 3314; x_wconf 86' lang='lat' dir='ltr'><strong>apud</strong></span> <span class='ocrx_word' id='word_1_381' title='bbox 967 3245 1062 3297; x_wconf 77' lang='lat' dir='ltr'><strong>Rubos</strong></span> <span class='ocrx_word' id='word_1_382' title='bbox 1078 3246 1165 3315; x_wconf 84' lang='lat' dir='ltr'><strong>pluri-</strong></span> 
     </span>
     <span class='ocr_line' id='line_1_43' title="bbox 119 3309 1166 3379; baseline 0.002 -15"><span class='ocrx_word' id='word_1_383' title='bbox 119 3331 174 3366; x_wconf 86' lang='lat' dir='ltr'><strong>ma</strong></span> <span class='ocrx_word' id='word_1_384' title='bbox 191 3313 324 3364; x_wconf 76' lang='lat' dir='ltr'><strong>nascitur.</strong></span> <span class='ocrx_word' id='word_1_385' title='bbox 359 3314 411 3378; x_wconf 85' lang='lat' dir='ltr'><strong>[An</strong></span> <span class='ocrx_word' id='word_1_386' title='bbox 429 3326 446 3359; x_wconf 80' lang='lat' dir='ltr'><strong>a</strong></span> <span class='ocrx_word' id='word_1_387' title='bbox 463 3311 533 3360; x_wconf 89' lang='lat' dir='ltr'><strong>rubo</strong></span> <span class='ocrx_word' id='word_1_388' title='bbox 557 3309 633 3359; x_wconf 87' lang='lat' dir='ltr'><strong>cuius</strong></span> <span class='ocrx_word' id='word_1_389' title='bbox 657 3312 788 3361; x_wconf 87' lang='lat' dir='ltr'><strong>meminit</strong></span> <span class='ocrx_word' id='word_1_390' title='bbox 810 3312 876 3377; x_wconf 85' lang='lat' dir='ltr'><strong>(Ecl.</strong></span> <span class='ocrx_word' id='word_1_391' title='bbox 894 3321 926 3379; x_wconf 85' lang='lat'><strong>3,</strong></span> <span class='ocrx_word' id='word_1_392' title='bbox 944 3314 1014 3373; x_wconf 76' lang='grc'>89.);</span> <span class='ocrx_word' id='word_1_393' title='bbox 1039 3314 1123 3366; x_wconf 82' lang='lat' dir='ltr'><strong>Ferat</strong></span> <span class='ocrx_word' id='word_1_394' title='bbox 1140 3327 1166 3366; x_wconf 85' lang='lat' dir='ltr'><strong>et</strong></span> 
     </span>
     <span class='ocr_line' id='line_1_44' title="bbox 127 3377 1165 3448; baseline 0.003 -14"><span class='ocrx_word' id='word_1_395' title='bbox 127 3383 221 3434; x_wconf 83' lang='lat' dir='ltr'><strong>rubus</strong></span> <span class='ocrx_word' id='word_1_396' title='bbox 238 3378 500 3447; x_wconf 62' lang='lat' dir='ltr'><strong>asperrimorum]</strong></span> <span class='ocrx_word' id='word_1_397' title='bbox 534 3377 650 3429; x_wconf 81' lang='lat' dir='ltr'><strong>Fiscino</strong></span> <span class='ocrx_word' id='word_1_398' title='bbox 671 3379 766 3446; x_wconf 71' lang='lat' dir='ltr'><strong>[genus</strong></span> <span class='ocrx_word' id='word_1_399' title='bbox 784 3387 824 3431; x_wconf 87' lang='lat' dir='ltr'><strong>est</strong></span> <span class='ocrx_word' id='word_1_400' title='bbox 841 3383 923 3445; x_wconf 84' lang='lat' dir='ltr'><strong>vasis,</strong></span> <span class='ocrx_word' id='word_1_401' title='bbox 945 3382 964 3435; x_wconf 91' lang='lat' dir='ltr'><strong>i.</strong></span> <span class='ocrx_word' id='word_1_402' title='bbox 982 3382 1018 3448; x_wconf 90' lang='lat' dir='ltr'><strong>e.]</strong></span> <span class='ocrx_word' id='word_1_403' title='bbox 1035 3385 1165 3437; x_wconf 85' lang='lat' dir='ltr'><strong>corbulae</strong></span> 
     </span>
     <span class='ocr_line' id='line_1_45' title="bbox 123 3447 1165 3519; baseline 0 -14"><span class='ocrx_word' id='word_1_404' title='bbox 123 3450 235 3518; x_wconf 83' lang='lat' dir='ltr'><strong>brevis,</strong></span> <span class='ocrx_word' id='word_1_405' title='bbox 264 3452 350 3519; x_wconf 86' lang='lat' dir='ltr'><strong>[quas</strong></span> <span class='ocrx_word' id='word_1_406' title='bbox 379 3450 525 3518; x_wconf 81' lang='lat' dir='ltr'><strong>perierunt</strong></span> <span class='ocrx_word' id='word_1_407' title='bbox 552 3447 601 3516; x_wconf 90' lang='lat' dir='ltr'><strong>qui</strong></span> <span class='ocrx_word' id='word_1_408' title='bbox 628 3448 741 3500; x_wconf 83' lang='lat' dir='ltr'><strong>arbusta</strong></span> <span class='ocrx_word' id='word_1_409' title='bbox 769 3449 947 3502; x_wconf 81' lang='lat' dir='ltr'><strong>vindemiant.</strong></span> <span class='ocrx_word' id='word_1_410' title='bbox 988 3451 1110 3504; x_wconf 89' lang='lat' dir='ltr'><strong>Lucilius</strong></span> <span class='ocrx_word' id='word_1_411' title='bbox 1134 3453 1165 3505; x_wconf 88' lang='lat' dir='ltr'><strong>in</strong></span> 
     </span>
    </p>
   </div>
   <div class='ocr_carea' id='block_1_3' title="bbox 155 3640 1167 3751">
    <p class='ocr_par' dir='ltr' id='par_1_7' title="bbox 155 3640 1167 3751">
     <span class='ocr_line' id='line_1_46' title="bbox 155 3640 1167 3696; baseline -0.004 -10"><span class='ocrx_word' id='word_1_412' title='bbox 155 3646 208 3696; x_wconf 84' lang='lat'><em>262)</em></span> <span class='ocrx_word' id='word_1_413' title='bbox 239 3646 265 3683; x_wconf 78' lang='lat' dir='ltr'><strong>G.</strong></span> <span class='ocrx_word' id='word_1_414' title='bbox 281 3647 376 3688; x_wconf 66' lang='lat' dir='ltr'><strong>Limne,</strong></span> <span class='ocrx_word' id='word_1_415' title='bbox 396 3644 446 3682; x_wconf 79' lang='lat' dir='ltr'><strong>dnae</strong></span> <span class='ocrx_word' id='word_1_416' title='bbox 461 3642 611 3694; x_wconf 69' lang='lat' dir='ltr'><strong>significationes</strong></span> <span class='ocrx_word' id='word_1_417' title='bbox 630 3642 702 3688; x_wconf 80' lang='lat' dir='ltr'><strong>habet,</strong></span> <span class='ocrx_word' id='word_1_418' title='bbox 723 3654 770 3679; x_wconf 84' lang='lat' dir='ltr'><strong>nam</strong></span> <span class='ocrx_word' id='word_1_419' title='bbox 790 3641 906 3692; x_wconf 73' lang='lat' dir='ltr'><strong>intelligitur</strong></span> <span class='ocrx_word' id='word_1_420' title='bbox 925 3640 963 3681; x_wconf 85' lang='lat' dir='ltr'><strong>boo</strong></span> <span class='ocrx_word' id='word_1_421' title='bbox 982 3645 1075 3689; x_wconf 83' lang='lat' dir='ltr'><strong>nomine,</strong></span> <span class='ocrx_word' id='word_1_422' title='bbox 1096 3652 1117 3681; x_wconf 86' lang='lat' dir='ltr'><strong>et</strong></span> <span class='ocrx_word' id='word_1_423' title='bbox 1131 3656 1167 3694; x_wconf 82' lang='lat' dir='ltr'><strong>pro</strong></span> 
     </span>
     <span class='ocr_line' id='line_1_47' title="bbox 214 3699 1167 3751; baseline -0.001 -11"><span class='ocrx_word' id='word_1_424' title='bbox 214 3703 301 3741; x_wconf 80' lang='lat' dir='ltr'><strong>nasibus</strong></span> <span class='ocrx_word' id='word_1_425' title='bbox 322 3709 342 3738; x_wconf 84' lang='lat' dir='ltr'><strong>ct</strong></span> <span class='ocrx_word' id='word_1_426' title='bbox 360 3715 397 3751; x_wconf 80' lang='lat' dir='ltr'><strong>pro</strong></span> <span class='ocrx_word' id='word_1_427' title='bbox 418 3714 466 3739; x_wconf 81' lang='lat' dir='ltr'><strong>vaso</strong></span> <span class='ocrx_word' id='word_1_428' title='bbox 487 3714 575 3741; x_wconf 83' lang='lat' dir='ltr'><strong>concavo</strong></span> <span class='ocrx_word' id='word_1_429' title='bbox 595 3699 630 3739; x_wconf 89' lang='lat' dir='ltr'><strong>ubi</strong></span> <span class='ocrx_word' id='word_1_430' title='bbox 650 3714 689 3738; x_wconf 81' lang='lat' dir='ltr'><strong>uva</strong></span> <span class='ocrx_word' id='word_1_431' title='bbox 709 3706 801 3749; x_wconf 84' lang='lat' dir='ltr'><strong>portatur</strong></span> <span class='ocrx_word' id='word_1_432' title='bbox 821 3701 849 3750; x_wconf 85' lang='lat' dir='ltr'><strong>(v.</strong></span> <span class='ocrx_word' id='word_1_433' title='bbox 863 3700 964 3740; x_wconf 76' lang='lat' dir='ltr'><strong>lboucklr.</strong></span> <span class='ocrx_word' id='word_1_434' title='bbox 983 3703 1009 3739; x_wconf 86' lang='lat' dir='ltr'><strong>ad</strong></span> <span class='ocrx_word' id='word_1_435' title='bbox 1024 3703 1092 3741; x_wconf 78' lang='lat' dir='ltr'><strong>&#39;ribnt</strong></span> <span class='ocrx_word' id='word_1_436' title='bbox 1106 3703 1130 3746; x_wconf 83' lang='lat'><strong>1,</strong></span> <span class='ocrx_word' id='word_1_437' title='bbox 1146 3700 1167 3747; x_wconf 83' lang='lat'><strong>⁵,</strong></span> 
     </span>
    </p>
   </div>
   <div class='ocr_carea' id='block_1_4' title="bbox 215 3758 359 3806">
    <p class='ocr_par' dir='ltr' id='par_1_8' title="bbox 215 3758 359 3806">
     <span class='ocr_line' id='line_1_48' title="bbox 215 3758 359 3806; baseline -0.028 -7"><span class='ocrx_word' id='word_1_438' title='bbox 215 3760 250 3799; x_wconf 82' lang='lat'><strong>23.</strong></span> <span class='ocrx_word' id='word_1_439' title='bbox 269 3758 359 3806; x_wconf 66' lang='lat' dir='ltr'><strong>Burbu).</strong></span> 
     </span>
    </p>
   </div>
   <div class='ocr_carea' id='block_1_5' title="bbox 153 3834 1168 3945">
    <p class='ocr_par' dir='ltr' id='par_1_9' title="bbox 153 3834 1168 3945">
     <span class='ocr_line' id='line_1_49' title="bbox 153 3834 1168 3888; baseline 0.001 -12"><span class='ocrx_word' id='word_1_440' title='bbox 153 3835 208 3888; x_wconf 73' lang='lat'>264)</span> <span class='ocrx_word' id='word_1_441' title='bbox 238 3839 265 3876; x_wconf 80' lang='lat' dir='ltr'><strong>G.</strong></span> <span class='ocrx_word' id='word_1_442' title='bbox 289 3838 372 3880; x_wconf 81' lang='lat' dir='ltr'><strong>Vallos,</strong></span> <span class='ocrx_word' id='word_1_443' title='bbox 393 3837 461 3885; x_wconf 81' lang='lat' dir='ltr'><strong>palos,</strong></span> <span class='ocrx_word' id='word_1_444' title='bbox 481 3835 559 3885; x_wconf 80' lang='lat' dir='ltr'><strong>paxillo</strong></span> <span class='ocrx_word' id='word_1_445' title='bbox 579 3834 705 3873; x_wconf 79' lang='lat' dir='ltr'><strong>diminutive.</strong></span> <span class='ocrx_word' id='word_1_446' title='bbox 734 3836 820 3880; x_wconf 81' lang='lat' dir='ltr'><strong>Furcas,</strong></span> <span class='ocrx_word' id='word_1_447' title='bbox 835 3835 848 3874; x_wconf 91' lang='lat' dir='ltr'><strong>i.</strong></span> <span class='ocrx_word' id='word_1_448' title='bbox 864 3850 881 3874; x_wconf 85' lang='lat' dir='ltr'><strong>e.</strong></span> <span class='ocrx_word' id='word_1_449' title='bbox 901 3836 973 3887; x_wconf 80' lang='lat' dir='ltr'><strong>quibus</strong></span> <span class='ocrx_word' id='word_1_450' title='bbox 993 3836 1103 3876; x_wconf 78' lang='lat' dir='ltr'><strong>fulciuntur</strong></span> <span class='ocrx_word' id='word_1_451' title='bbox 1116 3838 1168 3877; x_wconf 78' lang='lat' dir='ltr'><strong>viter</strong></span> 
     </span>
     <span class='ocr_line' id='line_1_50' title="bbox 215 3895 488 3945; baseline -0.007 -13"><span class='ocrx_word' id='word_1_452' title='bbox 215 3903 236 3932; x_wconf 82' lang='lat' dir='ltr'><strong>et</strong></span> <span class='ocrx_word' id='word_1_453' title='bbox 250 3895 321 3945; x_wconf 81' lang='lat' dir='ltr'><strong>spinae</strong></span> <span class='ocrx_word' id='word_1_454' title='bbox 337 3899 488 3932; x_wconf 77' lang='lat' dir='ltr'><strong>coacervantur.</strong></span> 
     </span>
    </p>
   </div>
   <div class='ocr_carea' id='block_1_6' title="bbox 133 3970 1170 4140">
    <p class='ocr_par' dir='ltr' id='par_1_10' title="bbox 133 3970 1170 4140">
     <span class='ocr_line' id='line_1_51' title="bbox 154 3970 1170 4027; baseline -0.001 -12"><span class='ocrx_word' id='word_1_455' title='bbox 154 3975 209 4027; x_wconf 84' lang='lat'>266)</span> <span class='ocrx_word' id='word_1_456' title='bbox 239 3977 266 4015; x_wconf 85' lang='lat' dir='ltr'><strong>G.</strong></span> <span class='ocrx_word' id='word_1_457' title='bbox 281 3975 367 4017; x_wconf 80' lang='lat' dir='ltr'><strong>Ilubeo,</strong></span> <span class='ocrx_word' id='word_1_458' title='bbox 387 3972 400 4010; x_wconf 84' lang='lat' dir='ltr'><strong>i.</strong></span> <span class='ocrx_word' id='word_1_459' title='bbox 415 3987 432 4010; x_wconf 85' lang='lat' dir='ltr'><strong>c.</strong></span> <span class='ocrx_word' id='word_1_460' title='bbox 453 3987 479 4010; x_wconf 83' lang='lat' dir='ltr'><strong>ex</strong></span> <span class='ocrx_word' id='word_1_461' title='bbox 499 3972 569 4009; x_wconf 79' lang='lat' dir='ltr'><strong>arbore</strong></span> <span class='ocrx_word' id='word_1_462' title='bbox 583 3973 628 4011; x_wconf 83' lang='lat' dir='ltr'><strong>rnbi</strong></span> <span class='ocrx_word' id='word_1_463' title='bbox 643 3970 707 4018; x_wconf 81' lang='lat' dir='ltr'><strong>sacta,</strong></span> <span class='ocrx_word' id='word_1_464' title='bbox 728 3975 761 4012; x_wconf 74' lang='lat' dir='ltr'><strong>rel</strong></span> <span class='ocrx_word' id='word_1_465' title='bbox 776 3974 861 4020; x_wconf 80' lang='lat' dir='ltr'><strong>Rubra,</strong></span> <span class='ocrx_word' id='word_1_466' title='bbox 880 3973 934 4014; x_wconf 85' lang='lat' dir='ltr'><strong>Ilnbi</strong></span> <span class='ocrx_word' id='word_1_467' title='bbox 948 3974 1045 4023; x_wconf 82' lang='lat' dir='ltr'><strong>oppidum</strong></span> <span class='ocrx_word' id='word_1_468' title='bbox 1058 3974 1079 4013; x_wconf 91' lang='lat' dir='ltr'><strong>iu</strong></span> <span class='ocrx_word' id='word_1_469' title='bbox 1093 3976 1170 4025; x_wconf 77' lang='lat' dir='ltr'><strong>Apulia</strong></span> 
     </span>
     <span class='ocr_line' id='line_1_52' title="bbox 133 4030 1168 4082; baseline -0.004 -12"><span class='ocrx_word' id='word_1_470' title='bbox 133 4032 137 4039; x_wconf 64' lang='lat'><strong>¹</strong></span> <span class='ocrx_word' id='word_1_471' title='bbox 215 4035 249 4071; x_wconf 80' lang='lat' dir='ltr'><strong>vel</strong></span> <span class='ocrx_word' id='word_1_472' title='bbox 264 4033 286 4069; x_wconf 90' lang='lat' dir='ltr'><strong>in</strong></span> <span class='ocrx_word' id='word_1_473' title='bbox 300 4031 417 4075; x_wconf 75' lang='lat' dir='ltr'><strong>Tbemalin,</strong></span> <span class='ocrx_word' id='word_1_474' title='bbox 439 4044 489 4080; x_wconf 79' lang='lat' dir='ltr'><strong>quac</strong></span> <span class='ocrx_word' id='word_1_475' title='bbox 504 4030 541 4066; x_wconf 87' lang='lat' dir='ltr'><strong>boc</strong></span> <span class='ocrx_word' id='word_1_476' title='bbox 557 4043 627 4077; x_wconf 74' lang='lat' dir='ltr'><strong>genere</strong></span> <span class='ocrx_word' id='word_1_477' title='bbox 642 4030 722 4067; x_wconf 67' lang='lat' dir='ltr'><strong>viminis</strong></span> <span class='ocrx_word' id='word_1_478' title='bbox 738 4032 832 4070; x_wconf 82' lang='lat' dir='ltr'><strong>abundat.</strong></span> <span class='ocrx_word' id='word_1_479' title='bbox 846 4052 872 4065; x_wconf 84' lang='lat'><strong>··</strong></span> <span class='ocrx_word' id='word_1_480' title='bbox 900 4031 992 4070; x_wconf 78' lang='lat' dir='ltr'><strong>Deinde:</strong></span> <span class='ocrx_word' id='word_1_481' title='bbox 1017 4035 1111 4077; x_wconf 72' lang='lat' dir='ltr'><strong>Fiscimr,</strong></span> <span class='ocrx_word' id='word_1_482' title='bbox 1131 4047 1168 4082; x_wconf 65' lang='lat' dir='ltr'><strong>ge-</strong></span> 
     </span>
     <span class='ocr_line' id='line_1_53' title="bbox 215 4085 783 4140; baseline -0.005 -12"><span class='ocrx_word' id='word_1_483' title='bbox 215 4104 253 4130; x_wconf 80' lang='lat' dir='ltr'><strong>mu</strong></span> <span class='ocrx_word' id='word_1_484' title='bbox 268 4090 349 4140; x_wconf 73' lang='lat' dir='ltr'><strong>virgae,</strong></span> <span class='ocrx_word' id='word_1_485' title='bbox 364 4087 399 4128; x_wconf 88' lang='lat' dir='ltr'><strong>ubi</strong></span> <span class='ocrx_word' id='word_1_486' title='bbox 413 4099 493 4127; x_wconf 75' lang='lat' dir='ltr'><strong>caseum</strong></span> <span class='ocrx_word' id='word_1_487' title='bbox 507 4086 615 4138; x_wconf 79' lang='lat' dir='ltr'><strong>premitur,</strong></span> <span class='ocrx_word' id='word_1_488' title='bbox 630 4085 688 4125; x_wconf 78' lang='lat' dir='ltr'><strong>dein:</strong></span> <span class='ocrx_word' id='word_1_489' title='bbox 698 4086 783 4136; x_wconf 78' lang='lat' dir='ltr'><strong>fiscr&#39;lla.</strong></span> 
     </span>
    </p>
   </div>
   <div class='ocr_carea' id='block_1_7' title="bbox 906 4187 963 4247">
    <p class='ocr_par' dir='ltr' id='par_1_11' title="bbox 906 4187 963 4247">
     <span class='ocr_line' id='line_1_54' title="bbox 906 4187 963 4247; baseline 0.053 -3"><span class='ocrx_word' id='word_1_490' title='bbox 906 4187 963 4247; x_wconf 78' lang='lat'><strong>14*</strong></span> 
     </span>
    </p>
   </div>
   <div class='ocr_carea' id='block_1_8' title="bbox 0 0 1230 4620">
    <p class='ocr_par' dir='ltr' id='par_1_12' title="bbox 0 0 1230 4620">
     <span class='ocr_line' id='line_1_55' title="bbox 0 0 1230 4620; baseline 0 0"><span class='ocrx_word' id='word_1_491' title='bbox 0 0 1230 4620; x_wconf 95' lang='lat' dir='ltr'><strong> </strong></span> 
     </span>
    </p>
   </div>
  </div>
 </body>
</html>
