2430 4620
227 310 261 351 u
288 246 443 355 sinon„
470 289 631 351 croac.
654 295 693 365 s,
717 295 893 362 ot-tso.
954 354 957 361 .
1018 299 1083 365 aas
1142 302 1146 311 ¹

32 477 164 531 aestiva·
177 491 228 546 pro
244 462 390 546 pecoribus
407 492 478 544 quae
495 474 525 527 in
541 476 649 530 aestivis
664 483 765 546 agitat:
782 475 841 530 Nec
858 470 974 545 sin'gu'la
994 479 1085 532 morbi
1119 502 1121 507 ⁷

18 545 176 611 ¹Corpora
201 547 374 613 corripiunt,
397 546 446 596 sed
469 556 526 595 tota
552 548 660 596 aestiua
685 557 800 614 repente.
817 573 853 584 -
893 550 937 609 71.
961 547 1085 615 Sortire5

28 615 127 685 quasi
154 613 320 680 subsortire,
341 622 370 666 et
386 614 505 684 subiice.
539 616 581 666 An
605 616 694 685 potius
717 631 767 685 pro
792 615 863 684 elige
887 624 916 667 et
931 615 1030 685 iunge,
1054 624 1086 673 ut

28 699 168 735 uxorem
197 684 297 734 sortiri
328 683 453 735 dicimus.
476 708 510 720 -·
556 689 600 740 82.
627 683 798 751 Glaucique;
838 684 1085 738 Glaucusrautem

30 751 194 804 coeruleus
211 760 252 802 est
269 751 360 817 color,
385 751 402 802 i.
421 770 443 804 e.
461 751 605 804 subviridis
622 753 685 803 albo
702 754 818 817 mistus,
840 759 870 806 et
911 755 970 813 assi
993 754 1083 807 clarus

25 820 86 887 (G.
109 821 236 879 clarior).
270 820 344 871 Nam
360 820 405 872 ille
422 820 481 872 sine
499 819 581 871 dubio
600 817 739 891 displicet,-
762 821 859 889 quiex
883 769 947 873 aibo
965 830 994 902 et
1010 823 1083 903 gilio

28 896 173 953 constat,
197 897 227 939 ut
249 889 285 939 tit
308 905 395 940 unum
418 888 482 943 albo
506 894 534 941 et
560 886 639 957 gilvo.
673 889 781 957 Alioqui
803 891 1024 961 repugnautslls
1042 893 1082 956 (A.
1177 922 1180 927 ·

27 964 77 1019 12
85 990 102 1026 ,ι
114 957 184 1018 84):
203 954 263 1023 Qui
279 958 400 1009 candore
419 961 499 1009 nives
518 961 634 1009 anteiret
641 959 799 1024 ,cursibus
816 976 918 1009 auras:
936 967 964 1012 et
980 962 1020 1028 (A.
1041 966 1085 1023 12,
1173 1000 1175 1007 ,

28 1027 134 1090 164.);
159 1026 239 1094 Bigis
265 1027 287 1077 it
313 1026 430 1079 Turnus
455 1030 487 1078 in
511 1028 594 1078 albis.
618 1052 651 1064 -
674 1032 735 1084 133.
759 1027 794 1076 Et
814 1026 916 1094 Gilvo;
945 1035 974 1080 et
998 1027 1083 1080 Gilva

33 1097 134 1163 spodi
153 1095 198 1159 (G.
213 1096 306 1162 gilvos
323 1097 400 1164 padi.
423 1096 519 1153 Burm.
544 1095 616 1147 coni.
632 1094 728 1164 gilvus
746 1096 849 1147 badius
867 1107 924 1163 est,
947 1107 979 1147 ut
991 1097 1084 1167 foen.)

34 1172 73 1218 et
91 1164 228 1219 foenicius
245 1173 300 1229 est,
317 1165 410 1233 quales
425 1162 609 1216 sunt¹fructus
626 1164 798 1236 palmarum,
814 1181 905 1233 neque
922 1165 986 1217 satis
1004 1165 1086 1218 diluti

37 1232 257 1302 colorisneque
274 1233 392 1285 nimium
409 1233 504 1302 pressi.
521 1261 555 1271 —
590 1238 633 1290 89,
653 1233 802 1300 Amyclae,
826 1234 919 1284 civitas
935 1232 1083 1287 Lucaniae.
1151 1262 1155 1273 ·

38 1302 193 1355 Xanthum
211 1309 306 1354 autem
322 1303 389 1354 dicit
412 1310 440 1355 et
456 1302 595 1370 Cyllarum
614 1317 714 1371 equos,
741 1318 809 1369 quos
825 1303 968 1368 Neptunus
984 1303 1084 1355 Iunoni

41 1370 141 1436 dedit,
163 1371 210 1423 illa
228 1371 334 1422 Castori
354 1380 382 1425 et
397 1370 514 1436 Polluci,
539 1370 570 1421 ur
592 1378 691 1441 poetae
709 1370 840 1424 Graeculi
862 1369 1030 1423 fabulantur.
1047 1399 1083 1411 -

39 1444 95 1499 93.
113 1436 216 1490 Pernis
235 1446 330 1492 autem
348 1441 383 1492 ad
401 1446 502 1508 equum
526 1430 657 1492 refertur.
692 1440 765 1491 Nam
789 1439 961 1491 tardissimus
975 1448 1019 1493 est
1035 1439 1083 1494 Sa·

35 1514 156 1560 hernus.
201 1509 342 1561 Saturnus
349 1533 359 1573 ‚-
391 1508 522 1561 Saturnus
553 1525 616 1558 cum
646 1509 786 1577 Philyram
810 1508 915 1560 Oceani
942 1506 1029 1562 filiam
1052 1510 1082 1563 i'n
1139 1518 1142 1522 '
1165 1553 1169 1558 .

35 1576 193 1630 Thessalia
209 1572 379 1642 adamasset,
401 1585 510 1630 etcum
528 1577 681 1644 eacoiret,
704 1577 866 1630 adventante
884 1593 982 1643 ttxore,
1004 1595 1035 1631 se
1051 1578 1082 1631 in

36 1661 169 1713 eqtrtm,
185 1647 261 1699 illam
277 1647 307 1699 in
325 1662 426 1715 equam
442 1647 589 1696 convertit:
611 1653 693 1715 atque
709 1647 749 1697 ita
766 1654 883 1714 uterque
901 1662 936 1716 op
955 1646 1083 1701 sobrium

36 1716 215 1781 effugerunt
239 1716 321 1780 ¹Hinc
338 1723 417 1767 natus
434 1723 475 1766 est
492 1714 597 1766 Chiron
615 1723 770 1768 centaurus.
804 1712 924 1782 Quidam
936 1665 1082 1784 {hilpram

37 1782 76 1837 in
102 1783 207 1835 florem
229 1801 389 1837 conversam
413 1800 471 1836 esse
494 1782 602 1848 dicunt,
626 1783 668 1834 rel
690 1785 719 1834 in
743 1783 890 1848 arborem,
914 1784 987 1837 unde
1010 1785 1081 1837 liber

39 1851 217 1925 philyrinus,
241 1869 295 1919 quo
321 1870 440 1904 coronae
463 1850 610 1918 illigantur.
637 1877 670 1888 -
720 1856 762 1908 98.
785 1852 876 1917 Bene,
905 1855 935 1903 si
960 1856 1082 1920 quando,

39 1921 114 1989 quia
128 1932 210 1975 tenea
226 1939 300 1973 raro.
336 1921 463 1985 Praelia;
480 1936 531 1988 pro
549 1923 622 1971 coitu
639 1920 712 1971 dixit.
725 1947 758 1956 -
795 1926 853 1976 101.
872 1918 949 1972 Artes
966 1920 1012 1973 hic
1029 1924 1082 1974 vir

40 1997 130 2042 tutes.
166 1988 201 2040 Et
224 1993 330 2056 prolem
352 2002 500 2056 parentum
524 2005 592 2040 noro
617 1989 713 2057 posuit
748 1989 797 2039 Est
819 1988 895 2040 enim
918 1992 1030 2059 proprie
1051 1992 1083 2045 li-

41 2057 185 2111 berarum
210 2059 423 2125 (liberorum?).
458 2059 494 2108 Ut
511 2054 549 2124 (A'.
568 2063 599 2122 1,
616 2057 704 2119 271.);
730 2055 878 2108 Geminam
901 2071 984 2127 partu
1004 2063 1083 2115 dabit

39 2126 104 2178 Ilia
123 2128 288 2194 prolem-
324 2127 622 2191 113.Ericlstbonius,·
651 2129 739 2179 Varro
757 2127 787 2177 in
802 2126 875 2179 libro
893 2129 941 2195 qui
957 2130 1082 2182 Admira·
1115 2148 1119 2155 ‘

40 2195 149 2248 billum
180 2196 354 2262 inscribitur,
383 2196 596 2253 Erichthonium
628 2195 666 2247 ait
697 2194 821 2266 primum
844 2212 928 2265 equos
951 2200 1082 2264 quattuor
1128 2210 1132 2215 '

40 2265 167 2317 itmxisse
182 2256 266 2330 ludis,
282 2267 330 2334 qni
347 2267 539 2319 Panathenaea
556 2265 735 2334 appellantur.
769 2265 812 2316 D'e
829 2265 882 2316 hoc
899 2265 1080 2337 Erichthonio

41 2333 121 2387 alibi
141 2335 205 2385 satis
229 2335 350 2399 dictum,
374 2336 421 2404 qui
444 2335 572 2403 anguinis
595 2335 711 2400 pedihus
733 2335 816 2386 fuisse
841 2344 1019 2389 memoratur.
1044 2366 1081 2377 -

40 2408 109 2461 115.
130 2402 319 2456 Pelethronios
337 2404 490 2471 Lapithas;
515 2404 577 2455 ideo
602 2403 848 2471 appellavit,'quia
871 2412 934 2456 stmt
951 2404 1082 2460 Thessali.

38 2471 255 2527 Pelethronium
282 2483 394 2524 antrum
419 2481 472 2537 est,
501 2473 551 2523 uhi
573 2472 698 2525 Achillen
721 2472 827 2525 Chiron
856 2473 981 2533 erudivit,
1027 2476 1080 2529 Alii

39 2540 257 2611 Pelethronium
279 2559 375 2610 regem
392 2542 572 2613 Lapitharum
590 2543 704 2592 volunt·
727 2540 872 2608 Gyrosque
890 2538 986 2593 dedere
992 2565 1003 2606 ,0
1026 2560 1079 2611 pro

40 2610 177 2663 docuere.
210 2610 295 2679 Aliter
320 2612 395 2662 enim
418 2613 499 2662 frena
516 2612 633 2675 dedere,
656 2617 683 2662 et
706 2609 786 2661 aliter
809 2626 902 2678 gyros,
926 2619 955 2663 et
971 2620 1013 2664 est
1028 2613 1080 2680 syl·
1152 2606 1156 2613 ¹

39 2678 146 2745 lapsis,
168 2694 233 2728 oum
258 2680 360 2746 aliquid
382 2681 544 2743 assumitur,
564 2678 642 2746 'quod
666 2677 771 2729 dictum
794 2695 877 2747 supra
897 2695 954 2731 non
978 2688 1026 2732 est.
1043 2705 1079 2720 ·-

40 2754 110 2807 116.
127 2746 179 2797 Hic
196 2742 323 2815 Equitem
341 2749 399 2803 sine
417 2748 499 2800 dubio
518 2765 619 2816 equum
638 2747 718 2812 dicit,
740 2747 859 2799 maxime
881 2763 946 2798 cum
968 2750 1080 2818 inferat,

40 2816 191 2869 insultare
217 2820 286 2869 solo.
329 2817 441 2873 Ennius.
482 2817 629 2869 Annalium
652 2817 720 2867 vu.-
750 2815 879 2881 Deut'que
910 2817 941 2866 vi
973 2836 1078 2887 magna

42 2882 209 2955 quadrupes
232 2899 414 2953 equesvatque
439 2887 591 2955 elephanti,
618 2885 779 2936 Proiiciunt
795 2901 863 2936 sese.
897 2884 952 2937 sus
969 2892 1077 2955 armis,

39 2956 64 3009 i.
91 2970 133 3018 e.,
156 2951 275 3007 insident
297 2964 413 3007 armato.
437 2981 471 2992 -
513 2962 573 3013 118.
597 2955 708 3021 Aequus
734 2965 844 3019 uterque
869 2954 963 3018 labor,
993 2958 1077 3011 durus

39 3030 167 3090 uterque
187 3024 281 3083 labor,
305 3033 333 3076 et
357 3025 406 3076 sub
430 3024 527 3093 iugum
551 3023 674 3087 mittere,
698 3029 725 3073 et
748 3021 798 3071 sub
821 3022 921 3074 femur.
937 3051 973 3064 -
1014 3032 1077 3084 122.

40 3092 242 3158 Neptunique5
260 3094 403 3161 Neptunus
420 3097 504 3146 etiam
522 3091 810 3160 parens'quoruudam
828 3106 963 3159 equorum
980 3095 1080 3163 fertur,

39 3168 78 3213 ut
94 3161 191 3228 Pegasi
208 3179 239 3212 ex
255 3163 387 3229 Medusa,
411 3172 438 3215 et
454 3165 561 3215 Arionis
585 3177 616 3212 ex
634 3160 750 3223 Cerere,
773 3159 850 3210 cuius
867 3162 1016 3214 seminium
1032 3163 1078 3232 (G.

42 3231 220 3295 adorimum)
238 3232 367 3283 Adrastus
384 3232 488 3283 habuit.
505 3260 537 3268 -
569 3228 635 3286 'tat
653 3227 760 3295 Pingui
765 3252 774 3292 ,·
792 3227 915 3282 absolute
932 3232 1031 3300 posuit,
1047 3240 1079 3282 ut
1116 3256 1124 3265 -

42 3307 89 3353 est
105 3298 174 3359 illud
189 3299 387 3355 Lucretianum
411 3306 453 3365 (1,
470 3299 558 3361 258.):
582 3297 638 3347 Hic
657 3297 754 3364 fessae
777 3299 896 3362 pecudes
911 3303 1024 3367 pingui.
1042 3327 1079 3339 -

41 3374 111 3428 125.
135 3367 241 3419 Dixere
266 3373 413 3432 maritum
444 3386 494 3438 pro
518 3367 719 3435 designavere·
751 3366 808 3417 cic.
832 3366 867 3419 de
889 3365 998 3435 Repub.
1019 3369 1078 3420 sic:

41 3437 195 3488 Dictatore
209 3436 241 3489 L.
256 3437 374 3504 Quintio
395 3441 476 3489 dicto.
511 3435 562 3487 Sed
580 3443 608 3487 et
624 3434 765 3486 Horatius:
781 3433 871 3500 Quem
887 3435 982 3489 Venus
998 3440 1077 3490 arbi-

43 3518 123 3558 trum
142 3508 211 3556 dicit
229 3508 357 3568 bibendi,
382 3524 432 3575 pro
458 3506 588 3574 designat.
605 3529 639 3540 -
676 3510 735 3560 127.
754 3504 878 3568 Blaad03
901 3508 973 3560 mire
995 3509 1076 3559 sten-

43 3576 115 3627 dum
133 3577 256 3637 laborem
274 3577 376 3627 coitum
396 3576 475 3639 dixit,
492 3573 565 3643 quod
581 3574 616 3623 sit
633 3589 698 3622 cum
714 3573 858 3642 voluptate.
874 3602 910 3612 —
944 3581 1005 3634 128.
1020 3576 1076 3626 tte-

42 3644 137 3712 ferat,¹
159 3640 217 3696 ‘nou
244 3646 318 3697 enim
343 3652 433 3715 potest
452 3660 523 3694 unus
547 3658 633 3711 equus
660 3641 726 3692 duas
747 3644 852 3712 patrias
873 3643 986 3696 habere.
1033 3646 1077 3707 Et,

44 3713 167 3782 referat,
191 3714 260 3779 sicut
275 3714 316 3765 ibi
333 3715 453 3782 positum
470 3713 514 3779 (G.
532 3720 563 3774 3,
581 3710 668 3772 3970:
693 3709 728 3761 Et
745 3712 817 3762 salis
836 3715 975 3763 occultum
993 3713 1077 3781 refert

45 3782 79 3831 in
98 3783 168 3832 lacte
186 3801 328 3849 saporem3
348 3791 377 3835 et
393 3784 431 3846 (A.
448 3785 475 3846 4,
492 3780 580 3842 329.)τ
597 3777 658 3844 Qui
674 3791 825 3830 tarantum
843 3799 889 3832 ore
908 3781 1028 3849 referret.
1042 3807 1078 3820 —

43 3855 109 3908 128.
124 3852 253 3913 Ieiunia,
266 3869 316 3918 pro
331 3854 429 3904 macie.
439 3877 472 3887 -
498 3854 557 3907 129.
571 3849 636 3915 Ipsa
650 3861 741 3897 autem
754 3852 842 3899 macie
856 3861 952 3899 tenuat
966 3869 1074 3901 armest-

44 3930 92 3984 ta;
118 3928 163 3971 ut:
189 3920 367 3988 Frondesque
386 3932 504 3986 negant:
528 3930 553 3968 et
571 3918 728 3986 frondibus
746 3930 849 3969 arcent.
866 3944 900 3955 -
936 3927 996 3975 130.
1014 3918 1075 3970 Pei.

45 4006 123 4052 mos,-
151 3996 258 4053 primos
277 3992 459 4053 concubitus,
483 3988 548 4040 asuri
564 3987 703 4039 redeuntis
726 3986 929 4054 accipiendum:
951 3987 1074 4054 alioquin

42 4057 199 4109 canussius
216 4059 369 4125 videbitur,
386 4074 450 4109 cum
466 4057 568 4125 insert,
584 4056 646 4107 lam
666 4065 733 4106 nota
751 4055 888 4122 uoluptas.
921 4056 999 4127 Ergo
1013 4058 1087 4123 pri-,-
