2430 4620
121 290 188 359 10⁸
388 283 530 348 sunvu
553 280 914 347 COMMENTARIUS

121 476 172 519 ret.
204 462 370 531 Lalsllump
395 467 532 535 [parrum
556 464 676 517 labrum.
719 462 809 529 Hinc]
835 462 1027 518 inanissimam
1051 468 1152 536 quun

120 543 229 588 tentam
245 536 340 588 facere
356 535 566 587 discretionem:
590 541 622 584 ut
646 535 768 585 virorum
787 532 885 600 labra,
906 537 1059 587 mulierum
1084 538 1152 589 latis

120 605 255 656 dicentia.
272 632 308 642 -
342 612 386 663 35.
410 601 488 669 Quid
514 620 571 655 aon
588 602 719 672 faciebat
743 601 898 670 Arnyatas‚·
922 605 1152 672 quemadmoduu

119 672 191 726 mihi
214 689 271 726 non
295 672 522 742 obsequebatur?
544 673 581 724 Et
604 688 637 724 ex
660 674 762 725 affectu
786 671 898 724 alterius
921 673 995 724 lnmc
1020 675 1105 740 cogit.
1127 698 1152 714 ·—

120 750 164 801 36.
187 741 364 808 Disparibus
389 755 491 809 septem
517 754 659 806 compacta
683 743 802 802 cicutis3
833 741 1024 809 inaequalibus
1055 744 1152 796 omnis

119 812 193 864 Nam
218 820 246 862 et
268 812 417 863 harmonia
441 811 592 878 inaequalis
616 818 664 863 est.
712 811 811 862 Cicuta
834 818 929 861 auum
952 819 992 863 est
1016 811 1152 882 [spatium

119 882 194 950 quod
216 891 257 932 est
280 881 354 932 inter
376 896 530 932 cannarum
555 880 650 931 nodos.
686 878 853 946 Compacta;
876 879 1032 932 coniuncta.
1067 881 1106 930 Ut
1122 882 1152 948 (Δ

120 957 171 1014 12,
187 952 275 1014 674.);
300 949 416 1000 Turrim
442 953 595 1016 compactis
621 947 749 998 trabibus
775 966 860 1016 quam
885 949 1021 999 eduxerat
1038 951 1109 1016 ipse.
1127 980 1152 993 -

119 1027 164 1078 ω
184 1019 223 1069 Te
241 1035 317 1070 nunc
334 1018 415 1069 habet
434 1021 489 1071 ista
507 1019 677 1081 secundum
695 1017 874 1069 commendat
890 1016 1005 1070 munul:
1023 1028 1051 1068 et
1068 1035 1104 1070 ex
1120 1034 1152 1077 ess

120 1090 195 1158 quod
219 1089 245 1140 ei
269 1087 486 1140 haereditarium
515 1087 611 1138 datum
641 1094 695 1138 est:
727 1094 756 1138 et
785 1102 818 1138 ex
844 1101 893 1151 eo,
921 1085 995 1154 quod
1025 1087 1152 1141 invidiam

119 1157 230 1209 meruit
265 1157 338 1209 Nam
361 1173 406 1209 res
430 1156 553 1224 optimae
578 1163 606 1205 et
629 1154 740 1207 difficile
766 1154 905 1206 donantur
927 1172 944 1206 a
960 1155 1041 1206 viris:
1067 1165 1099 1209 et
1115 1173 1152 1209 ac·

119 1235 232 1293 ceptae,
249 1226 329 1277 facile
347 1233 490 1277 merentur
506 1223 647 1276 invidiam.
665 1250 699 1261 -·
733 1227 776 1280 39.
795 1223 918 1292 [invidit
936 1216 1013 1274 stult.
1031 1226 1152 1292 Amyns„

119 1297 269 1362 Amyntam
293 1294 475 1346 cornificium
499 1293 556 1343 vult
577 1292 746 1359 intelligere3
769 1292 834 1359 quiin
858 1300 972 1344 conatus
995 1300 1038 1344 est
1060 1308 1152 1347 contra

120 1364 265 1431 Virgilium
288 1364 426 1423 scribere3
451 1362 508 1427 vel,
530 1362 594 1413 ideo
617 1362 728 1423 umeris,
751 1377 817 1428 quia
833 1360 948 1426 invidit]
964 1388 1000 1398 -
1033 1367 1082 1419 40.
1100 1362 1152 1429 Nes

119 1446 180 1483 tuta
201 1434 270 1483 milii
288 1434 361 1483 valle
379 1434 479 1498 reperti
502 1432 642 1497 capreoli5
667 1431 879 1482 commendata
896 1430 1067 1483 difficultate.
1105 1431 1152 1485 sia

119 1503 196 1553 utin
214 1505 304 1570 primo
321 1504 362 1567 (A.
381 1510 413 1565 7,
431 1501 518 1563 ml:
542 1499 702 1567 Rclliquias
722 1498 810 1549 Troia
834 1517 867 1549 es
891 1501 1005 1550 ardente
1024 1510 1152 1569 receptat

118 1596 152 1609 -
192 1574 237 1628 41.
260 1571 374 1638 Sparsis
397 1571 519 1638 pellibus
544 1571 625 1633 albo‚·
654 1568 701 1637 qui
729 1568 835 1620 habent
870 1568 960 1620 adhuc
990 1570 1152 1627 maculari

119 1641 314 1712 prima-neure
329 1640 477 1692 venientes.
512 1642 629 1690 Accessu
648 1637 724 1688 enim
742 1638 874 1706 temporis
889 1646 1000 1690 mutant
1018 1640 1152 1697 colorem:

119 1716 148 1762 et
171 1724 272 1761 eorum
302 1709 428 1760 maculae
451 1724 510 1760 esse
533 1707 640 1776 gratiae
666 1706 780 1757 minoris
808 1707 952 1773 incipiunt.
1000 1707 1080 1780 Ergo
1104 1709 1152 1777 leq

118 1778 200 1831 dicit:
216 1778 299 1828 Servo
315 1777 366 1829 tibi
384 1777 535 1844 capreolos,
551 1776 600 1845 qui
612 1776 702 1827 adhuc
718 1775 774 1825 sint
789 1775 905 1845 pellibus
919 1775 982 1826 albo
997 1778 1152 1895 sparsis-a,-

119 1853 164 1906 42.
188 1845 269 1912 Quos
293 1849 377 1899 etiam
402 1862 478 1897 auac
503 1847 557 1896 tili
580 1862 675 1908 servo,·
702 1844 719 1895 i.
738 1862 761 1895 e.
785 1861 853 1913 quos
874 1843 964 1895 adhuc
986 1847 1009 1896 si
1030 1847 1040 1897 i
1063 1862 1152 1901 servor

118 1917 185 1969 licet
207 1932 291 1984 rogor
316 1933 333 1967 a
357 1915 480 1982 Thestyli
504 1914 609 1979 unica,
638 1930 709 1981 quae
740 1929 787 1966 me
817 1914 894 1982 cupit
920 1913 982 1964 illos
1008 1915 1152 1973 abducere

119 1986 247 2049 Siccant,·
265 1992 423 2052 sugunt-
456 1988 501 2040 43.
520 1984 593 2035 Orat
610 1983 761 2046 abducam
779 1990 848 2046 orst‚
864 1990 896 2034 ut
910 1982 1040 2035 abducat.
1075 1980 1152 2055 Figu-

118 2064 212 2107 ratum
229 2061 283 2106 est:
302 2061 332 2104 ut
348 2055 388 2119 (A.
407 2060 449 2117 10,
465 2054 551 2114 701.):
570 2051 667 2103 Donat
684 2051 800 2116 habere,
816 2051 834 2102 i.
851 2069 875 2103 e.
892 2051 976 2103 dunat
994 2061 1026 2103 ut
1041 2052 1152 2119 habat

119 2151 152 2161 -
187 2128 232 2181 44.
249 2123 283 2172 Et
294 2122 400 2191 facien
424 2122 513 2173 noluit
529 2120 621 2173 dicere
639 2134 663 2171 es
673 2120 803 2189 jaciam.-
826 2136 965 2189 nequem
982 2120 1100 2175 amabat
1115 2120 1152 2195 (ᾧ

119 2191 261 2257 lenderet,
287 2192 311 2242 si
331 2209 361 2243 se
378 2190 444 2242 velle
461 2190 570 2241 dixisset
593 2190 659 2242 dare
682 2189 764 2241 alteri
785 2205 884 2240 munus
902 2189 975 2256 quod
999 2189 1054 2258 ipsi
1077 2208 1152 2261 prae·

117 2265 321 2332 parauerat-
360 2264 404 2318 45.
421 2258 486 2309 Huc
504 2260 570 2310 ades
588 2267 657 2321 etc.;
680 2267 788 2309 tantum
812 2258 925 2309 honoris
948 2259 1035 2310 habet
1058 2270 1152 2330 praesu

68 2334 72 2343 “
120 2339 151 2381 ut
175 2329 201 2382 ei
225 2329 299 2381 dicat
320 2329 405 2380 etium
428 2329 544 2380 numina
567 2328 738 2379 obsecutura.
772 2327 842 2378 Sane
865 2326 995 2377 calatlrus
1013 2324 1152 2387 Greisa&

120 2407 174 2451 est:
192 2414 258 2451 nam
275 2398 374 2449 Latine
392 2398 547 2463 quasillum
566 2397 673 2448 dicitur.
708 2396 807 2446 Cicero
824 2397 853 2446 in
869 2395 985 2466 Philipp.
1006 2396 1067 2462 (lib.
1083 2398 1139 2463 Ill.)

120 2463 161 2518 As‘
181 2486 243 2518 vero
270 2467 357 2517 liuius
382 2469 459 2517 domi
485 2469 557 2516 inter
584 2465 709 2531 quasilla
740 2465 947 2532 appendebatur
980 2485 1096 2520 aurum.
1116 2484 1152 2513 :-

119 2543 161 2594 46.
183 2535 312 2586 Candida
330 2535 425 2595 Nais3·
443 2535 485 2587 vel
502 2535 630 2605 pulchra,
656 2534 698 2584 vel
713 2535 774 2602 dep.
807 2534 880 2585 Nam
896 2535 936 2586 dii
960 2536 1072 2588 umbris
1088 2552 1152 2591 corn

120 2605 198 2656 trarii
214 2613 290 2668 sunt,
308 2620 376 2672 quas
392 2604 485 2672 nigras
503 2621 562 2657 esse
579 2610 691 2654 constat.
724 2603 796 2653 Hinc
814 2612 855 2655 est
870 2604 912 2668 (E.
931 2612 962 2668 5,
979 2606 1051 2666 56.):
1077 2605 1152 2659 Ca·

120 2676 205 2725 didus
223 2676 364 2724 insuetum
380 2677 502 2724 miratur
520 2675 606 2724 limen
620 2673 744 2739 Olympi.
758 2703 790 2723 -φ
824 2677 869 2728 47.
888 2671 1028 2723 Pallentes
1042 2676 1152 2729 viola·

120 2743 273 2794 amantium
296 2743 395 2794 tinctas
419 2743 520 2795 colore.
558 2742 686 2794 Horatius
710 2742 954 2808 (Carm.3‚10.):
986 2743 1022 2792 Es
1045 2748 1152 2795 sinam.

120 2814 196 2863 viola
215 2812 307 2880 pallor
325 2814 492 2862 amantium.
533 2810 611 2862 Unde
627 2826 684 2862 non
700 2819 812 2879 praeter
830 2812 1008 2862 affectionem
1024 2812 1152 2866 amenti

119 2897 165 2932 eos
189 2881 273 2931 flores
302 2882 436 2951 nymphas
460 2879 527 2932 dicit
551 2882 667 2943 offerre,
720 2881 748 2930 ui
772 2887 836 2930 sunt
858 2880 1017 2931 amantibus
1039 2883 1152 2936 simila

121 2949 262 3017 Papauerc
293 2966 427 3018 carpens,
458 2950 619 3001 narcissum
648 2960 673 2998 et
688 2896 793 3016 [iorem
818 2949 885 2998 lene
910 2949 1013 3001 olentis
1037 2953 1152 3006 anesii-a

119 3036 184 3070 sane
206 3019 341 3086 Papauer,
371 3019 526 3084 Narcissus,
554 3017 691 3080 Anethus,
719 3017 899 3087 pulcherrimi
921 3019 1003 3085 pueri
1031 3022 1152 3075 ierem

120 3088 221 3156 quique
238 3088 268 3138 in
284 3087 368 3138 flores
386 3104 500 3138 suorum
517 3086 663 3137 nominum
680 3086 752 3136 versi
768 3093 844 3137 sunt:
870 3101 938 3156 quos
955 3088 981 3139 ei
998 3090 1152 3145 offerrui:

119 3155 196 3225 quasi
213 3156 359 3218 admonet,
382 3157 486 3223 nequid
504 3156 589 3207 etiam
605 3154 652 3206 hic
669 3154 723 3206 tale
742 3154 844 3222 aliquid
862 3171 985 3223 unquam
1002 3174 1033 3209 ex
1052 3178 1152 3212 amam

118 3225 246 3296 patiatur.
264 3251 298 3260 —
332 3229 375 3280 49.
395 3224 467 3275 Tum
485 3227 580 3288 casia,·
597 3223 686 3276 herba
701 3223 852 3274 suavissimi
869 3225 973 3275 odoris:
990 3234 1022 3276 ut
1036 3245 1152 3298 seque

117 3293 159 3344 tie
180 3293 317 3345 indicant:
348 3309 432 3360 quam
457 3293 559 3345 Graeci
584 3295 678 3344 molas
701 3292 803 3343 dicunt
846 3292 882 3342 Et
904 3293 943 3344 sic
967 3294 1076 3349 siiotum
1099 3317 1152 3353 ee<

120 3362 193 3415 Tum
211 3365 290 3413 casia
309 3374 391 3427 atque
409 3364 478 3416 aliis
496 3366 623 3414 intexens
642 3363 780 3412 suavibus
793 3360 902 3411 herbis.-
921 3371 952 3412 ut
967 3363 997 3415 in
1011 3363 1152 3420 Sallenti:

118 3430 255 3495 Leonem,
278 3443 360 3501 atque
379 3434 454 3483 alias
466 3433 557 3500 feras.
573 3463 603 3474 -
640 3435 682 3490 50.
700 3428 804 3482 Mollia
822 3431 927 3482 luteola
944 3434 1041 3502 pingit
1058 3454 1152 3488 vacue

121 3503 172 3555 nia
191 3499 302 3566 calpha5
327 3500 422 3552 mollia
439 3501 560 3552 vaccinia
578 3500 682 3569 pingit,
698 3499 716 3551 i.
733 3517 757 3551 e.
774 3500 931 3567 componit,
948 3501 983 3554 de
1002 3504 1132 3558 calthas

119 3568 201 3626 teol'u
249 3568 322 3620 Nam
344 3569 398 3621 nisi
421 3571 524 3623 luteola
549 3571 681 3638 septimus
710 3568 746 3619 sit
770 3584 860 3634 casus,
891 3585 948 3621 non
973 3579 1027 3624 stat
1051 3589 1152 3627 vetera

119 3638 224 3694 Mollia
241 3646 350 3702 autem,
367 3644 454 3689 tactus
471 3639 573 3708 plumei
589 3638 700 3690 scilicet.
734 3637 770 3687 Et
786 3636 840 3687 hoc
857 3637 958 3703 dicens,
974 3657 1007 3692 ex
1024 3644 1152 3695 colorus

119 3707 275 3763 diversitate
298 3707 408 3772 quaerit
430 3714 633 3759 ornamentum.
652 3730 686 3744 -
720 3711 763 3763 51.
782 3704 860 3756 Cana
885 3708 976 3774 legam
994 3721 1090 3763 tenera
1107 3713 1134 3763 ἰ

122 3778 229 3850 augiae
247 3775 339 3840 malc5
365 3775 438 3831 mala
454 3775 521 3827 dicit
536 3774 675 3846 cydonea,
697 3774 726 3845 [a
743 3773 899 3843 Cydonibus
915 3778 1041 3845 primum
1056 3781 1152 3833 alliu

150 3943 188 3999 ⁴5)
215 3945 255 3989 cie.
269 3944 321 3990 Phil.
335 3944 361 3990 3,
374 3941 396 3990 4.
411 3947 449 3982 Vr.
463 3946 523 3984 huius
538 3945 594 3985 (lomi
612 3961 652 3997 onsq
666 3948 733 3987 Guell'.
747 3948 762 3985 1.
776 3948 801 3984 11.
819 3947 845 3985 R.
867 3949 890 3984 V.
906 3949 953 3987 vos.
968 3951 1070 4002 Deinceps
1086 3955 1152 3993 Gt

206 4005 230 4043 ll·
244 4004 271 4047 R.
284 4004 332 4055 Vos.
352 4009 373 4040 et
387 4003 409 4041 C·
420 4003 529 4053 pendatur.
550 4003 646 4042 uuella
666 4004 801 4056 appendatur·
823 4005 872 4043 cod.
892 4004 939 4044 Urs.
959 4009 1012 4049 saur
1031 4023 1083 4062 pm
1103 4008 1152 4053 (a

125 4093 129 4100 .
207 4062 260 4104 Dan.
273 4061 326 4106 inter
339 4072 391 4121 ,aar
404 4059 448 4104 illa.
476 4058 545 4112 scopu
559 4073 587 4104 aa
600 4073 642 4105 aon
656 4062 709 4108 luo
723 4061 812 4119 quasilla
822 4061 898 4116 prades
913 4076 958 4102 aur.
1079 4066 1083 4072 '
