2430 4620
124 267 169 335 so
322 321 331 334 ,
382 246 526 330 suuvu'
549 264 902 333 conuuurnums

125 453 179 517 nis,
195 457 224 503 et
240 456 282 503 est
297 449 471 504 Archsismos
487 450 591 522 (Gueli.
608 454 630 507 1:
646 456 677 508 ll.
695 453 851 523 saronem),
867 470 944 508 casus
960 471 1012 527 pro
1029 473 1072 508 cas

125 528 186 580 087.
203 517 395 571 Muliebribus
419 530 525 588 ermis5
552 540 615 575 usus
640 526 773 599 obtinuit,
795 533 826 576 ut
848 530 992 607 innuptus,
1015 531 1072 594 virg

125 599 237 660 nuptas,
262 591 393 641 mulieres
415 605 550 643 vocemus.
583 594 656 644 Num
679 594 752 662 apud
775 595 894 646 maiores
911 596 1059 647 mdiscrete

125 659 269 712 dicebatur
287 666 315 710 et
333 660 451 719 mntter,.·
478 668 626 730 utrumque
651 664 725 713 enim
743 679 835 713 sexum
853 670 962 712 tentum
978 665 1072 731 signifi

125 736 157 780 ut
173 746 237 780 ecce
253 727 306 778 hoc
323 727 383 778 loco
401 728 470 780 dicit
491 732 575 782 ermis
598 731 793 794 muliebribus,
817 747 882 780 curu
907 732 1054 783 Camillam

125 804 204 865 ptem
220 795 304 849 fuisse
320 796 499 849 manifestum
517 799 557 851 sit.
592 800 661 850 [tem
685 800 714 850 in
737 797 870 849 Bucolivis
893 800 1012 866 legimus
1031 809 1072 865 (0,

127 867 169 917 An
186 868 266 931 virgo
287 863 403 933 infelix,
420 882 484 916 cum
498 868 649 934 Pasiphaen
667 875 772 918 constet
789 883 820 918 ex
838 867 932 919 Mine
950 878 1013 919 ante
1031 887 1072 919 arn

125 936 198 988 tauri
215 935 319 986 liberos
335 935 489 1004 suscepisse.
524 936 670 988 Terentius
687 937 729 1002 [in
746 935 862 1003 Hecyra]
880 942 921 1000 (3,
939 945 970 1002 3,
987 938 1053 1002 23),

117 1004 275 1067 ,mulierem
293 1011 355 1072 post
371 1012 495 1073 partum,
518 1008 657 1072 virginem
681 1012 771 1056 vocat:
808 1005 882 1055 Nam
901 1009 1001 1055 vitium
1022 1020 1061 1056 est

126 1085 186 1123 tum
203 1074 314 1138 virgini
332 1072 400 1122 olim
418 1074 452 1122 nb
472 1077 565 1125 nescio
585 1089 638 1139 quo
658 1075 791 1140 improbo.
820 1101 851 1110 -
885 1079 946 1130 588.
964 1075 1072 1125 Nomen

126 1139 219 1193 irrisio
244 1148 284 1192 est
307 1142 499 1193 amaritudinis
522 1142 612 1213 plene.
658 1143 729 1192 Nem
753 1144 776 1192 si
799 1143 964 1193 voluerimus
994 1145 1072 1212 simpl

126 1211 268 1277 occipere,
291 1215 322 1258 ut
344 1209 383 1260 its
406 1209 441 1260 sit
466 1211 588 1276 dictum,
611 1211 847 1279 quemadmodum
871 1227 952 1280 supra
976 1215 1046 1278 (10,
1070 1248 1072 1263 .

126 1280 233 1343 densos
251 1279 349 1345 rnagni
367 1279 464 1329 dextra
489 1280 585 1330 codis.-
608 1280 706 1349 incipit
730 1280 899 1330 contrarium
928 1297 984 1331 esse
1008 1298 1072 1347 supe

127 1349 185 1400 bus.
220 1345 298 1398 Unde
316 1347 415 1396 melius
439 1352 492 1412 est,
517 1357 548 1398 ut
571 1365 773 1418 perseveremus
796 1348 825 1399 iu
848 1364 942 1400 sensu:
964 1356 991 1400 et
1008 1351 1072 1400 itas

126 1426 215 1468 ctum:
239 1415 374 1478 Magnam
391 1432 423 1465 re
439 1432 504 1467 vere
521 1417 639 1483 glorium
660 1415 766 1468 loturus
790 1434 818 1467 es
835 1418 869 1467 ad
888 1432 983 1469 manes
1000 1435 1072 1485 pare:

125 1501 210 1553 quem
227 1484 348 1536 feminea
366 1484 422 1535 tela
439 1494 610 1555 superarunt.
630 1513 663 1522 —-
696 1490 758 1543 092.
776 1485 919 1550 Sedentis,·
945 1488 1050 1553 equitis.

126 1556 192 1606 eum
216 1568 248 1604 ex
271 1552 359 1604 vicino
382 1552 560 1622 intelligimus
583 1571 641 1607 esse
665 1553 855 1621 [percussum]
871 1582 904 1590 —
938 1561 999 1611 605.
1018 1556 1072 1605 lnn

125 1619 293 1686 sinisterior,
316 1618 442 1674 breviore
464 1622 569 1675 scilieet
593 1624 704 1674 circulo.
725 1646 761 1658 -
800 1630 861 1680 698.
888 1623 1072 1690 Congemiuot

126 1690 356 1756 distinguendum.
390 1689 462 1741 Nam
484 1708 568 1743 nemo
592 1692 671 1744 dicit:
694 1694 815 1742 securim
840 1693 945 1742 vulnus
970 1709 1072 1758 congon

124 1759 173 1811 sed
189 1764 306 1812 securis.
325 1785 361 1796 -
393 1763 453 1814 699.
473 1760 579 1811 Incidit
597 1760 677 1821 huio3
698 1759 830 1824 figurate,
853 1775 916 1829 pro:
942 1763 972 1810 in
991 1762 1064 1810 horso

125 1829 175 1879 dit.
209 1827 354 1880 Terentius
378 1827 497 1891 (Phorm.
517 1835 548 1895 1,
565 1837 598 1892 3,
615 1829 682 1889 23.):
709 1828 767 1894 Ego
793 1831 824 1878 in
847 1847 908 1878 eum
935 1831 1026 1880 incidi
1052 1834 1072 1880 ir

124 1899 231 1958 locum,
256 1908 287 1946 ut
304 1914 391 1960 nepte
410 1896 480 1948 milti
497 1901 659 1960 omittendi,
683 1914 769 1963 neque
794 1899 934 1948 retinendi
958 1902 995 1947 sit
1013 1915 1072 1966 copi

123 1972 185 2024 700.
209 1965 429 2031 Apenninicolae
454 1966 572 2020 bellator
590 1967 679 2035 filius
702 1967 791 2026 Auni;
819 1968 883 2033 quia
907 1967 1021 2032 Liguria
1048 1985 1072 2017 m

144 2041 203 2087 srte
220 2034 262 2085 sui
279 2037 308 2084 in
326 2034 470 2100 Apennino
488 2043 530 2088 est
545 2038 699 2087 constituta.
733 2033 855 2102 Ligures
874 2048 965 2084 aretem
984 2054 1072 2086 omne<

123 2053 200 2156 loces
224 2113 305 2168 sunt,
329 2102 399 2153 sicut
421 2103 461 2154 eit
484 2105 553 2155 Catu
576 2103 605 2155 in
628 2104 746 2155 secundo
772 2103 919 2168 Originum
942 2105 1021 2154 libre.
1059 2106 1072 2155 1

123 2173 216 2236 Auni3
235 2173 327 2223 Annus
344 2172 454 2222 scilicet.
488 2173 576 2239 Nem,
593 2180 624 2222 ut
639 2172 856 2239 supradiximus,
872 2189 945 2236 cum,
962 2173 1039 2223 dictis
1056 2194 1072 2243 p

122 2243 210 2302 tibus,
232 2239 353 2291 filiorum
377 2241 490 2291 nomina
513 2242 736 2309 supprimuntur,
759 2257 805 2292 eos
822 2240 894 2309 putri
910 2244 1072 2308 cognomine

122 2311 285 2377 telligimus:
310 2316 340 2358 ut
363 2313 411 2375 (9,
428 2308 520 2369 360.):
550 2310 665 2361 Tiburti
687 2309 804 2360 Remulo
834 2313 995 2360 ditissimus
1020 2314 1072 2361 olin

122 2385 185 2437 703.
210 2378 366 2445 [Reginam
392 2390 529 2443 auertere3
559 2379 673 2450 proprio
695 2378 779 2429 verbo
804 2395 866 2429 usus
893 2386 945 2442 est,
976 2389 1006 2429 ut
1029 2388 1069 2430 est

123 2448 266 2514 equestris,
282 2447 300 2498 i.
319 2464 342 2497 e.
361 2463 418 2498 non
435 2456 529 2517 sperat
544 2450 613 2512 iore,
630 2456 660 2497 ut
676 2447 753 2497 illem
771 2446 922 2512 everteret]
935 2475 971 2483 —
1005 2454 1065 2505 704n

123 2520 187 2567 sare
205 2517 285 2567 dolos
310 2517 471 2582 ingressus;
494 2523 628 2581 tractare,
651 2523 682 2565 ut
704 2521 745 2582 (2,
761 2517 833 2575 02.);
854 2516 910 2584 Seu
935 2535 1072 2567 versarer

122 2602 173 2637 seu
191 2597 280 2636 certae
298 2585 458 2635 occumbere
476 2587 566 2638 morti.
601 2584 687 2651 Astu;
706 2584 820 2635 malitia.
853 2585 925 2635 Nam
944 2587 1056 2651 proprie

123 2665 183 2718 tos,
208 2651 359 2706 malitiosos
382 2667 520 2704 vocemus.
558 2653 636 2704 Unde
659 2653 688 2704 in
712 2653 843 2705 Terentio
868 2654 966 2718 (Andr.
987 2662 1015 2718 1,
1033 2665 1065 2718 2,

123 2729 268 2792 postquam
286 2720 451 2792 de,domino
465 2722 531 2773 dixit
547 2718 761 2774 servus‘Astutee
778 2722 825 2772 ille
843 2721 928 2773 iratus
945 2723 996 2772 nit:
1015 2724 1069 2773 Car

123 2809 194 2856 quoe
213 2789 360 2857 loquitur?
397 2787 497 2842 Cicero
515 2789 603 2854 (Verr.
623 2789 737 2855 l,11.):
762 2790 804 2839 Ita
815 2789 869 2856 jis,
888 2803 917 2838 ut
935 2804 983 2839 suo
1003 2794 1057 2840 ista

122 2862 297 2912 existimetur
314 2871 424 2911 astutos
449 2877 540 2923 meum
558 2856 610 2911 hos
635 2860 787 2910 consilium
807 2863 1004 2910 necessarium.
1021 2883 1056 2896 —-

123 2929 246 2983 Dimitte
269 2928 392 2998 fragm,-
421 2926 441 2979 i.
465 2946 503 2993 er,
534 2928 599 2996 equi
630 2928 814 2992 celeritatem,
842 2928 887 2978 cui
917 2928 991 2992 fidis,
1018 2929 1072 2980 reli:

122 2997 230 3068 [Fuga,
251 2996 270 3049 i.
288 3015 311 3049 e.
328 2995 469 3061 celeritas,
490 3004 522 3048 ut
536 2992 670 3048 Iuvenalis
688 2996 773 3047 etism
795 2996 899 3047 indicat
914 3012 1005 3048 versus
1024 3004 1065 3061 (8,

50 3114 53 3119 .
123 3066 213 3119 Cuius
230 3067 309 3118 clara
321 3062 398 3136 sugo
422 3074 487 3116 onte
505 3065 594 3130 alios,
618 3076 643 3114 et
665 3066 775 3131 primus
798 3067 831 3115 in
849 3083 967 3131 aequore
985 3068 1072 3129 pulvi:

120 3141 182 3195 708,
203 3132 322 3186 Ventoso
334 3134 413 3203 serot
437 3133 486 3184 tui
503 3131 596 3202 gloria
609 3131 760 3201 fraudem
784 3132 853 3185 haec
876 3143 918 3186 est
942 3151 1004 3184 vera
1030 3143 1057 3183 et

120 3221 175 3274 qus
191 3201 286 3259 lectio:
311 3210 342 3253 ut
358 3201 506 3272 [fraudem
524 3214 581 3255 non
599 3201 709 3252 laudem
726 3202 815 3269 legas:
840 3209 871 3252 ut
891 3203 912 3252 si
924 3200 1059 3271 fraudem

119 3271 168 3338 ris]
185 3270 220 3324 sit
235 3285 343 3323 sensus:
365 3273 450 3324 Pedes
474 3271 736 3340 congrederet'iem
762 3286 908 3338 agnosces,
931 3270 977 3321 cui
999 3272 1072 3322 inani

44 3346 46 3349 ’
109 3340 225 3397 ,stantis
248 3342 346 3394 efferat
370 3352 498 3409 poenam.
538 3340 611 3392 Nam
629 3337 778 3407 fraudem,
801 3345 905 3392 veteres
928 3355 1048 3408 poenam

118 3408 200 3461 bont:
222 3407 270 3477 [ab
287 3423 321 3462 eo
339 3409 413 3478 qnod
429 3408 582 3480 praecedit,
606 3406 634 3459 id
652 3409 726 3474 quod
742 3410 879 3474 sequitur,
901 3417 932 3459 ut
949 3414 987 3472 (2,
1005 3410 1072 3467 2¹29.)

120 3477 211 3540 scelus
236 3475 399 3544 expendisse
424 3489 570 3529 merentem
587 3470 750 3527 Laocoonta
774 3477 877 3543 ferunt.
913 3479 1012 3528 Cicero
1036 3478 1065 3527 iu

118 3545 249 3601 setianus
267 3543 309 3598 Ne
319 3546 429 3615 fraudi
445 3549 485 3598 sit
502 3548 529 3596 ei
547 3547 596 3612 qui
609 3547 741 3610 populum
755 3546 792 3594 ool
807 3549 1007 3597 contentionem
1024 3564 1072 3595 voc

118 3610 259 3666 uterium
281 3614 447 3683 irsuutiquo
465 3614 638 3682 cognoscitur
661 3615 729 3664 iure
764 3612 917 3680 [uetustius
941 3616 970 3664 in
987 3616 1072 3665 Canu

118 3685 200 3746 (3532
225 3682 308 3734 Diem
325 3686 426 3735 <statuit
444 3691 592 3750 uunquam
609 3683 672 3732 sine
690 3683 797 3750 frende
823 3684 915 3732 liceret
933 3685 965 3732 ab
984 3686 1072 3732 nrnris

120 3753 221 3802 sedere.
255 3751 304 3801 Est
319 3763 414 3804 eutem
430 3752 592 3821 Hypullsge,
615 3767 680 3819 pru:
703 3750 748 3800 cui
772 3753 846 3801 lruus
864 3754 935 3803 ferat
951 3751 1067 3818 glorium

119 3831 215 3872 sutem
233 3817 344 3870 laudem
362 3820 524 3888 legerimus,
547 3818 600 3870 erit
623 3834 729 3870 sensust
752 3822 901 3885 Agnosces,
924 3821 968 3869 cui
985 3821 1072 3870 innuis

118 3888 162 3940 riu
187 3887 286 3940 afferat
309 3889 427 3941 laudem.
478 3887 597 3938 Ventoso
621 3895 715 3936 autem
738 3889 831 3952 gloria
857 3897 912 3952 est,
942 3905 1024 3954 quam
1049 3890 1072 3938 G

118 3952 273 4019 sepontino
291 3965 395 4008 vorant
413 3984 445 3994 -
480 3950 541 4015 ι710.
560 3955 735 4022 Paribusque
761 3960 866 4007 resistit
890 3959 921 4007 in
947 3961 1034 4006 arinis
1053 3977 1069 4021 p

119 4026 189 4077 siout
213 4025 297 4078 etism
321 4020 403 4077 illum
427 4036 638 4094 'congressurum
655 4024 776 4093 putabat„
795 4052 829 4062 -·-
843 4060 848 4066 κ
863 4030 925 4090 711,
942 4024 1015 4075 Pura
1034 4045 1070 4091 pn

921 4147 934 4194 l

934 4194 956 4241 N
