2430 4620
158 284 227 353 286
422 278 563 347 statu
585 274 942 349 COMMENTARIUS
990 328 997 339 .

157 466 262 538 purior.
279 495 315 507 -
349 471 410 528 52⁴.
427 469 469 520 Ad
487 481 643 536 terramque
653 470 744 538 fluit,
767 469 895 521 Laresntu
913 473 957 537 (6,
973 470 1044 531 97.):
1062 469 1189 522 Ferrum·

158 554 212 605 qne
229 539 270 603 (sl
287 540 358 598 lass.)
381 552 466 605 eaput
483 557 512 589 re
530 539 610 607 ferre
628 540 730 601 conell.
747 540 768 591 1.
784 541 904 605 referre)
924 554 1042 589 recusus.
1061 566 1095 578 -·
1132 546 1188 596 '³25-

157 606 237 673 Quid
254 604 349 673 labor,
373 619 423 656 aut
441 608 586 674 benefacta
604 610 718 667 iuunnt3
745 607 768 659 si
785 616 915 658 neutrum
933 618 1056 659 mortem
1074 610 1186 676 repellit,

155 693 209 727 neo
225 677 348 743 corporis
371 677 548 739 exercitium,
570 690 622 727 nee
646 676 745 727 mentis
768 675 875 742 religio.
909 676 983 726 Nam
1003 677 1027 727 si
1052 676 1185 743 generalis

156 752 197 796 est
212 746 363 809 sententia,
378 745 529 796 seeundum
546 744 696 814 Epicureos
712 752 809 795 contra
831 760 862 794 re
872 744 996 811 igionem
1019 754 1076 795 est:
1099 745 1123 793 si
1139 760 1183 794 an·

154 819 213 865 tem
230 819 336 863 tuntum
355 812 390 863 sd
408 813 505 863 bovem
522 814 658 877 relertnr,
679 813 733 863 boc
749 813 830 863 dicits
857 812 929 879 Quid
952 813 980 863 ei
997 814 1126 879 prodest,
1147 813 1181 862 la-

153 879 224 933 bore
242 896 291 930 suo
315 881 411 932 aliiisse
436 880 585 932 mortales?
603 906 637 917 —·
671 887 732 938 526.
750 883 834 945 Atqui
858 898 915 933 non
932 879 1181 931 marsicanum·

153 946 292 1012 Murem
323 950 384 1000 rina
409 950 528 1019 pretiosa
552 967 568 1001 a
592 950 710 1001 uranico
734 957 829 1001 monte
853 949 1032 1018 Campaniae.
1074 950 1111 1000 Et
1133 965 1178 1018 per

151 1016 299 1070 meriritum
315 1018 404 1086 tangit
420 1019 481 1083 illa,
498 1034 568 1085 quae
584 1018 680 1068 dicunt
696 1019 812 1085 physici,
835 1020 947 1067 morbos
963 1020 1060 1069 venire
1077 1034 1110 1068 es
1126 1018 1175 1067 ‹ibi

152 1092 182 1140 st
200 1094 277 1156 potus
294 1086 452 1151 nimietate,
468 1087 510 1138 vel
526 1088 692 1149 mutatione,
708 1102 740 1138 er
758 1084 849 1137 nimiis
867 1086 963 1153 vigiliis
981 1095 1010 1139 st
1028 1087 1117 1136 multa
1132 1086 1176 1136 sol·

149 1153 298 1206 licitudine.
333 1155 476 1223 Dicitque,
493 1154 576 1206 etism
593 1154 653 1206 sine
668 1154 711 1205 bis
727 1154 801 1207 nasci
818 1154 1030 1221 aegritudinem.
1065 1154 1134 1204 Nam
1150 1156 1173 1204 in

150 1224 314 1276 animalibus
329 1240 395 1274 cum
413 1224 482 1274 nilnl
499 1224 598 1274 horum
615 1224 658 1285 sit,
674 1231 767 1275 tanim
785 1222 970 1290 aegritudines
985 1223 1185 1274 cernimus.-

150 1298 213 1350 627.
236 1291 342 1358 Epulne
367 1305 505 1359 repostum
531 1292 654 1360 (saepius
677 1295 827 1359 apportas)
851 1298 899 1342 aut
922 1290 1108 1353 abundantes,
1130 1298 1169 1342 aut

149 1359 248 1412 rarise.
266 1385 299 1399 -
334 1367 395 1417 525.
413 1361 558 1425 Simplicis
582 1359 699 1423 herbae,-
727 1369 840 1430 propter
868 1360 1011 1411 varietates
1037 1361 1167 1428 epularum

147 1427 216 1480 diris
232 1430 371 1495 simplicis
388 1429 494 1480 herbae.
512 1455 546 1467 ·-
581 1436 642 1486 530.
659 1427 717 1478 Nee
735 1446 847 1481 sernnos
872 1429 1016 1494 abrumpit
1041 1446 1108 1477 cura
1130 1447 1165 1478 sn·

150 1497 261 1559 lubres,·
287 1514 317 1548 ex
341 1513 409 1549 cura
436 1499 511 1548 enim
535 1496 636 1560 nimia,
659 1497 767 1564 vigiliae
793 1506 982 1566 procreantur.
1000 1524 1034 1534 -
1068 1497 1165 1553 532Et

149 1567 212 1618 nris
230 1565 391 1633 imparibus
410 1567 507 1617 ductos
527 1568 601 1631 altn;
625 1564 713 1615 bubus
729 1565 881 1634 agrestibus
898 1573 927 1617 et
949 1565 1015 1635 ipris
1031 1565 1164 1632 inaequali·

147 1632 207 1686 bus.
241 1634 313 1685 Nam
332 1636 391 1699 uri,
415 1643 536 1703 agrestes
554 1635 634 1685 boves
650 1640 728 1697 suut,
752 1643 782 1685 at
797 1634 915 1684 diximus
930 1650 1016 1702 supra
1034 1641 1083 1698 (2,
1099 1636 1161 1692 stt).
1190 1670 1193 1683 .

147 1702 184 1755 Et
200 1702 254 1753 hoe
271 1704 378 1770 poetice
396 1703 469 1754 dicit.
504 1706 636 1756 Ceterum
651 1702 749 1753 veritas
765 1703 834 1754 baec
847 1710 897 1765 est,
913 1702 1007 1769 Quum
1024 1718 1083 1752 nior
1099 1708 1160 1764 esset,

148 1771 320 1823 sacerdotem
338 1773 466 1840 Argivum
483 1772 583 1823 iunctis
600 1771 689 1821 bubus
705 1771 746 1822 ire
763 1771 799 1823 ad
813 1772 918 1838 templa
935 1772 1064 1835 lunonis,
1080 1779 1107 1821 et
1121 1769 1159 1819 sol·

143 1838 232 1893 lemni
249 1841 293 1893 die
311 1841 391 1891 boves
408 1857 463 1892 non
481 1840 684 1899 invenirentur;
702 1838 854 1905 pestilentia
872 1840 963 1902 enim,
980 1855 1051 1905 quae
1068 1856 1113 1908 per
1125 1841 1157 1887 At·
1188 1836 1193 1893 “,

142 1907 247 1971 ticam,
265 1916 296 1960 ut
312 1910 444 1975 diximus,
460 1910 619 1971 transierat,
636 1908 760 1959 universa
776 1916 999 1976 consumpserat;
1015 1907 1069 1959 duo
1084 1923 1156 1957 ancer·

141 1976 216 2029 dotis
231 1976 280 2029 filii
297 1978 407 2031 Cleobis
423 1985 452 2029 et
468 1978 545 2041 Bito,
563 1986 702 2039 matrem,
723 1976 869 2027 subeuntes
887 1981 998 2045 iugum,
1016 1978 1051 2027 ael
1068 1975 1154 2042 templa

140 2044 253 2098 duxere.
292 2047 367 2097 Tum
392 2048 460 2097 luno
484 2047 603 2115 probans
625 2058 723 2097 eorum
745 2043 925 2107 religionem,
957 2045 1057 2097 obtulit
1079 2043 1154 2103 nutri,
1190 2038 1193 2055 ¹

142 2121 190 2179 ut,
207 2114 280 2183 quod
297 2116 389 2180 vellet,
407 2123 533 2184 posceret
549 2114 623 2165 filiis:
647 2112 692 2164 illa
712 2113 756 2179 pia
773 2114 949 2178 responsione
967 2113 1022 2176 ait,
1039 2122 1080 2177 ut,
1096 2109 1154 2179 quod
1190 2128 1193 2135 ·

139 2182 227 2235 sciret
249 2184 301 2234 dea
325 2184 391 2235 utile
415 2184 590 2245 mortalibus,
614 2182 672 2251 ipsa
695 2190 854 2248 praestaret.
894 2182 986 2234 Altero
1011 2181 1100 2249 itaque
1120 2180 1152 2229 dis

140 2251 290 2304 sacerdotis
313 2251 398 2319 [lilii]
421 2252 531 2303 iuvenes
549 2251 652 2318 reperti
666 2257 730 2301 sunt
746 2251 857 2300 mortui.
894 2250 1005 2317 Exque
1023 2249 1152 2319 probatum

138 2327 198 2382 est,
219 2320 290 2370 nihil
305 2338 363 2370 esse
381 2329 471 2370 morte
494 2320 683 2388 praestantius.
719 2318 797 2385 Quod
814 2318 977 2383 Herodotus,
992 2319 1064 2385 apud
1082 2318 1152 2366 Grae·

138 2402 189 2438 eos
211 2386 366 2457 plenissime
391 2396 594 2438 commemorat
611 2389 639 2438 in
658 2388 747 2454 prima
771 2387 884 2439 historia
909 2392 941 2452 (c.
960 2388 1022 2448 :lli-
1039 2413 1072 2423 -
1104 2391 1151 2442 533·

117 2470 119 2475 ·
137 2454 273 2506 Denaris
280 2476 289 2521 ς
316 2459 437 2507 donarit
455 2458 567 2526 proprie
585 2457 643 2507 loca
659 2464 723 2506 sunt
745 2457 773 2506 in
792 2456 889 2522 quibus
906 2458 978 2506 dona
996 2463 1150 2524 reponuntur

137 2522 264 2575 deorutn.
296 2526 412 2576 Abtuire
434 2526 546 2592 templa.
580 2526 652 2576 Nam
676 2525 714 2575 ita
735 2532 765 2575 et
787 2526 954 2588 puluinaria
981 2541 1032 2590 pro
1056 2521 1149 2588 templis

136 2593 279 2662 ponimus,
296 2611 382 2662 qtiurn
400 2595 453 2644 sint
469 2594 580 2662 proprie
596 2593 703 2657 lectuli,
720 2594 766 2661 qni
784 2595 868 2642 sterni
886 2593 916 2642 in
933 2593 1058 2662 templis,
1074 2605 1150 2659 snper·

136 2661 309 2713 venientibus
339 2663 465 2729 (Dorvill.
492 2664 564 2712 coni.
594 2680 677 2726 super
702 2663 852 2711 eventibus.
884 2661 973 2711 Gueli.
999 2663 1030 2710 ΙΙ.
1053 2662 1150 2726 plerirq.

135 2733 257 2797 supero.)
281 2731 433 2799 plerisque,
454 2739 629 2782 consuerunt.
646 2757 680 2766 -
722 2736 782 2787 534.
799 2731 899 2795 Aegre,-
925 2729 1078 2780 difficulter.
1109 2728 1149 2775 lli-

138 2813 271 2864 snuntstr3
294 2800 324 2849 in
340 2801 425 2851 rimas
441 2807 534 2867 agunt.
554 2826 583 2836 -
620 2805 680 2856 535.
698 2799 772 2864 Ipsis
792 2800 952 2863 unguibus,-
967 2794 1149 2865 „inepssolsmit

134 2865 155 2917 i.
179 2885 203 2918 e.
225 2869 337 2934 (Burni
361 2869 425 2938 pro)
451 2868 585 2918 inanibus
625 2867 788 2916 iloctnrnur
811 2869 987 2930 obambulat,-
1012 2869 1149 2918 insidiatur.

135 2933 218 3002 Quod
235 2947 328 2988 erstem
346 2942 384 2989 ait
402 2950 573 3003 nocturnus,
590 2934 705 3001 figurate
722 2952 783 2986 rein
799 2936 946 3001 temporis,
963 2937 999 2986 ad
1017 2948 1148 3006 personam

133 3005 281 3056 treiietulit
305 3032 338 3042 -
396 3012 458 3063 539.
491 3006 565 3054 Cura
591 3006 699 3066 domat,
728 3005 746 3054 i.
773 3019 795 3053 e.
825 3004 1002 3071 pestilentiae.
1055 3000 1148 3055 Timidi

134 3070 257 3135 dumne,
293 3077 407 3125 mutavit
437 3090 543 3141 genus,
579 3081 609 3121 ut
644 3074 743 3123 vitaret
771 3067 981 3138 ὁμοιοτέλευιον.
1034 3073 1147 3123 Horatius

133 3139 240 3204 (Carnu
267 3146 296 3205 t,
320 3152 351 3205 2,
372 3142 438 3204 11.):
468 3143 501 3189 Et
524 3143 678 3207 superiecto
703 3140 811 3205 (Guell'.
834 3144 854 3191 Ι.
877 3141 1022 3207 subiecto)
1042 3142 1147 3206 pavidas

132 3221 270 3257 natarunt
295 3228 412 3276 aequore
438 3211 536 3260 domne
560 3210 648 3271 (codd.
672 3210 791 3258 damnes
815 3227 835 3259 s.
859 3210 1004 3271 dammae).
1039 3207 1146 3260 Dicendo

131 3284 226 3327 autem
245 3277 340 3328 damas
358 3288 384 3329 et
401 3295 493 3330 cervos
510 3296 605 3329 errare
621 3293 686 3327 eum
704 3279 831 3342 canibus,
848 3279 901 3329 duo
920 3278 1050 3340 ostendit,
1068 3287 1094 3330 et
1108 3278 1147 3327 hos

131 3344 255 3407 timoris,
277 3356 307 3396 et
329 3345 388 3396 illos
411 3347 560 3397 ferocitatis
583 3344 661 3413 [esse]
686 3346 791 3396 oblitos.
814 3373 849 3383 -
893 3353 953 3404 543.
976 3345 1102 3413 Fugiunt
1123 3346 1146 3394 in

122 3413 254 3482 flumina
270 3414 493 3482 phoenegaquasi
516 3415 644 3464 timentes
667 3415 803 3465 marinam
821 3415 1014 3482 pestilentiam.
1031 3442 1065 3452 -
1099 3416 1145 3471 nti

131 3482 207 3550 Ipsis
229 3486 348 3542 auibus,
372 3484 426 3533 suis
450 3483 652 3550 quodaminodo
675 3499 746 3550 quae
769 3484 877 3534 alarum
902 3483 1045 3535 velocitate
1067 3496 1145 3548 super·

129 3549 210 3669 predi
231 3555 326 3602 a'e'rem
351 3559 478 3617 poterant
499 3551 679 3620 pestilentem.
703 3578 735 3588 -
787 3556 848 3609 548.
872 3552 1001 3619 [Referu
1032 3540 1145 3619 prodest]

153 3619 302 3686 lrillyrs'der
329 3620 449 3681 Chiron,
479 3621 633 3670 medicinae
663 3621 804 3682 inventor,
835 3619 943 3671 Saturni
971 3629 1001 3670 et
1024 3621 1141 3684 Phillpu

129 3687 207 3758 filius.
232 3715 265 3724 -
313 3696 374 3745 550.
399 3687 657 3753 Amythaoniusque
681 3689 837 3752 Melampus
846 3713 855 3751 ,·
879 3688 1057 3754 Amythaonis
1079 3687 1141 3742 lilius,

129 3753 287 3827 udoprn's,
313 3757 372 3808 ie.
395 3765 535 3825 purgator.
578 3756 650 3806 Nam
674 3757 813 3808 Proetidas
835 3758 894 3824 ipse
911 3758 1039 3824 purgavit
1063 3756 1140 3804 lustra-

128 3826 248 3876 tionibus
267 3841 332 3891 quas
357 3826 506 3875 invenerat.
546 3824 606 3872 Hoc
630 3833 723 3875 autem
749 3825 828 3889 dicit,
851 3825 1032 3877 invalescente
1057 3819 1137 3871 morlo
1191 3878 1193 3885 Ι

125 3910 181 3957 nec
204 3895 372 3944 medicinam
396 3894 538 3960 prodesse,
562 3908 612 3940 nee
637 3894 808 3958 religionem.
827 3919 860 3930 -
905 3901 966 3950 535.
991 3895 1136 3954 Arentesque
1190 3900 1193 3941 ÷

129 3975 233 4011 sonant
251 3965 345 4028 ripae,
370 3962 426 4012 vult
448 3959 631 4026 pestilentiam
655 3963 739 4011 etiarn
765 3962 902 4013 elementa
923 3962 1034 4012 sentire.
1064 3954 1134 4008 Sitit

126 4029 208 4079 tertio
232 4032 330 4096 (142.):
362 4030 485 4080 Arcbnnt
510 4026 625 4093 turrae,
648 4040 673 4077 et
696 4031 800 4079 victum
825 4048 902 4098 seges
927 4048 1012 4096 aegra
1030 4025 1133 4095 regulet·
