2430 4620
280 284 315 341 a
341 235 945 335 vraen.oaoao.111,'34-4o.
1065 265 1132 331 aaa

97 447 154 500 ‚libi
173 449 216 513 (A
233 453 267 514 6,
282 448 371 511 849.):
392 448 479 500 Visos
497 447 599 499 ducent
617 447 649 500 de
668 463 806 499 marmore
823 447 942 500 uultus..
961 446 1033 501 Item
1050 447 1089 515 (A.
1109 451 1133 513 1,

97 521 178 578 r9ss.):
203 516 341 570 Pariusve
364 518 441 583 lapis
461 518 660 573 circumdatur
685 535 766 569 auro.
785 543 819 554 —
855 522 898 574 35.
916 516 1052 567 Assaraci
1068 534 1132 584 pro·

97 604 144 650 es,
162 588 356 654 demissaeque
375 589 409 639 ab
428 587 493 639 Iove
510 590 605 654 gentis
622 586 750 639 Nomina
756 609 766 650 ,·
784 601 901 655 ponant,
917 587 1016 655 inquit,
1033 600 1132 637 eorum

98 663 206 720 trinas,
230 656 278 724 qui
302 674 319 707 a
336 657 399 708 Iove
424 671 510 724 usqne
534 654 570 707 ad
586 659 767 719 Assaracum,
791 662 819 707 et
843 654 879 705 ab
896 658 1028 707 Assaraco
1044 669 1132 720 usque
1174 688 1187 707 s

97 725 124 776 id
141 727 299 792 Augustum
317 726 455 793 originem
473 725 584 776 ducunt.
619 727 764 776 Assaracus
788 731 883 775 autem
908 740 972 776 avus
989 722 1133 786 Anchisae,

97 800 169 847 sator
186 794 272 864 Capis
290 794 348 845 aut
367 820 401 831 -
437 800 480 852 36.
500 792 625 859 Trosque
642 811 762 860 pareas,
787 792 973 845 Troianorum
990 808 1052 856 rex,
1075 790 1132 845 Ga·

98 862 217 930 tymedis
241 870 335 933 pater,
365 881 381 914 a
407 878 462 930 quo
486 862 571 913 Troia
602 864 745 914 nominata
770 869 819 913 est.
861 862 964 914 Troiae
990 858 1130 929 Cynthius

98 944 207 997 ructor3
232 931 274 983 vel
290 931 444 1000 Apollinem
462 930 529 982 dicit
545 939 661 999 propter
678 946 787 981 muros:
805 930 847 982 vel
863 931 1015 1001 Cynthium
1032 944 1132 997 regem

98 999 204 1067 lroiae,
220 1016 305 1069 quem
320 1002 351 1052 in
368 999 475 1053 Troicis
491 999 545 1050 suis
563 1000 638 1051 Nero
651 1008 869 1053 commemorat.
883 1029 915 1039 -
952 1007 995 1057 37.
1012 999 1130 1049 inuidia

98 1069 217 1139 esselis,
239 1086 310 1136 qaue
333 1068 485 1121 invidentes
511 1069 594 1123 efficit
617 1069 749 1122 infelices.
790 1068 865 1120 Dicit
892 1076 986 1122 autem
1010 1085 1039 1121 sa
1063 1067 1130 1119 talia

98 1138 257 1207 scripturum
272 1138 313 1190 vel
328 1136 476 1204 factunm,
492 1146 523 1188 ut
539 1137 731 1204 magnitudine
747 1137 788 1187 sui
806 1147 967 1190 mereantur
984 1136 1142 1193 invidiamsj

98 1205 180 1274 mem
204 1214 298 1259 tamen
323 1205 457 1258 invidiam
481 1207 551 1259 nihil
574 1223 633 1258 esse
656 1209 814 1259 nocituram
841 1207 942 1261 timore
966 1218 1130 1278 poenarum,

98 1276 259 1344 imaemque
276 1292 416 1338 seuerum;
433 1270 550 1328 tristem.
585 1274 689 1326 Contra
707 1276 855 1327 'forentius
873 1276 967 1343 (Andr.
982 1283 1007 1342 5,
1019 1284 1047 1342 2,
1062 1275 1129 1337 16.lt
1168 1284 1171 1289 '

98 1343 198 1396 Tristis
211 1348 350 1409 ¹seueritas
376 1348 449 1396 inest
467 1347 498 1395 in
517 1344 612 1408 uultu,
637 1358 719 1411 atque
745 1346 894 1397 ia'uerlsis
913 1344 998 1414 fides.
1019 1371 1049 1384 ··-
1085 1349 1130 1401 38.
1155 1355 1159 1361 “

98 1412 246 1482 Tomosque
267 1415 378 1466 Isionis
397 1431 520 1482 angues;
548 1414 648 1481 qtrihus
665 1415 796 1481 religatus
814 1415 849 1467 ad
865 1422 957 1466 rotam
976 1422 1030 1478 est,
1055 1420 1130 1484 post-

98 1498 174 1551 quam
204 1483 312 1534 illicitos
343 1483 453 1534 Iunonis
484 1482 580 1551 petivit
609 1485 758 1552 amplexus.
780 1510 816 1521 ·-
863 1488 907 1542 39.
929 1482 965 1534 Et
995 1501 1053 1534 aon
1080 1499 1141 1533 eru

98 1553 235 1619 sperabile
251 1570 369 1617 sasum;
389 1552 462 1620 qnod
480 1559 576 1603 contra
593 1566 719 1604 montem
731 1551 860 1620 Sisyphus
875 1551 963 1604 volvit.
997 1553 1064 1615 Noa
1081 1569 1129 1627 ey·

98 1623 236 1687 sperabile
254 1620 335 1686 dixit,
359 1636 414 1672 non
433 1622 507 1688 quod
524 1623 651 1688 superari
667 1638 724 1673 non
742 1618 846 1688 potest,
869 1621 916 1674 sed
930 1623 1008 1690 uuod
1027 1639 1128 1691 exaspe-

98 1705 153 1743 rare
169 1705 228 1743 non
245 1691 316 1742 valet
332 1706 474 1741 summum
493 1692 595 1741 montis
611 1707 755 1742 easrttmen.
773 1717 807 1727 -
841 1695 885 1749 40.
904 1692 1012 1742 interea
1031 1690 1128 1759 Drya-

99 1759 158 1829 dum
177 1760 285 1825 siluas;
311 1760 399 1811 donee
422 1758 552 1810 laudandi
576 1758 700 1811 Caesaris
722 1769 832 1829 ternpus
849 1760 990 1824 adveniat,
1012 1762 1128 1811 interim

99 1827 220 1896 georgica
237 1828 343 1890 scribo;
367 1833 528 1894 (sequamur
553 1844 603 1894 pro
623 1827 842 1897 persequamur.)
884 1831 1008 1880 intactos
1033 1838 1128 1881 autem

99 1896 129 1947 tit
151 1898 262 1962 saltus,
290 1897 363 1965 quoi
388 1905 452 1947 ante
474 1897 564 1967 ipsum
588 1897 677 1948 nullus
700 1897 800 1948 Latine
825 1913 940 1951 carmen
963 1897 1127 1967 georgicum

99 1966 202 2035 ter-ipsit.
224 1993 258 2003 —
293 1972 337 2023 42.
357 1964 394 2015 Te
412 1968 475 2015 siue
494 1967 537 2017 aii
555 1967 646 2016 altum
666 1983 743 2016 meas
763 1965 893 2030 inchoat,-
917 1984 950 2020 ae
974 1969 996 2018 si
1014 1970 1128 2033 diceret,

99 2030 150 2087 llou
173 2050 249 2097 meo,
266 2035 391 2102 ingenio,
413 2034 461 2085 sed
485 2042 532 2084 tuo
556 2036 642 2087 fretus
665 2035 799 2105 irnperio,
823 2036 858 2086 ad
876 2036 929 2087 hoc
947 2054 1061 2090 carmen
1080 2053 1127 2087 ae-

99 2104 206 2157 tast-
241 2109 286 2163 43.
308 2102 394 2155 Vocat
412 2106 522 2170 ingenti
539 2105 660 2155 clamore
676 2104 841 2163 Cithaeron3
858 2104 1006 2158 hortantur
1024 2124 1074 2159 nos
1091 2108 1128 2163 tul
1166 2148 1172 2165 .

99 2173 268 2227 exibendam
291 2173 330 2223 illi
354 2180 476 2237 montes,
500 2173 549 2240 qui
565 2175 731 2225 animalibus
743 2175 812 2224 'sum
827 2176 931 2227 referti.
974 2176 1127 2231 Cithaeron

99 2250 183 2295 tutem
208 2259 273 2312 pars
296 2240 429 2292 Parnassi.
447 2268 481 2278 -
515 2246 559 2299 44,
578 2242 750 2311 Taygetique
776 2259 873 2308 canes,
897 2244 915 2296 i.
934 2264 957 2307 e.
980 2245 1140 2302 Laconicis
1184 2272 1189 2277 ·

99 2326 151 2365 um
180 2311 305 2378 Taygeta
332 2310 425 2361 civitas
455 2318 495 2362 est
517 2310 665 2364 Laconiae.
712 2314 748 2363 Et
778 2311 833 2363 hoc
863 2312 926 2365 ideo
948 2316 1013 2384 qaia
1038 2316 1127 2369 dictu-

99 2394 127 2435 us
147 2380 194 2435 'est
208 2379 306 2443 (404.):
325 2378 383 2430 Nec
402 2380 454 2429 tibi
472 2396 540 2430 cura
559 2398 661 2436 canum
673 2381 770 2450 fuerit
783 2395 932 2448 postrema.
968 2384 1126 2438 Domt'tria-

99 2468 135 2501 ue
154 2448 325 2515 Epidaurus
344 2466 494 2516 equorum‚·
513 2449 590 2518 Epiri
609 2451 702 2502 civitas
719 2451 782 2519 [est]
799 2451 876 2520 equis
893 2452 1044 2505 nobilia-
1078 2461 1123 2517 45.

99 2519 145 2573 'ox
169 2520 347 2584 ingeminata
368 2520 503 2585 remugit,·
521 2519 660 2585 duplicate.
676 2538 724 2589 per
742 2519 827 2571 Echo.
862 2520 933 2573 Alibi
951 2523 992 2589 (Ε.
1012 2531 1054 2589 10,
1071 2528 1124 2589 8.):

99 2588 149 2642 'arr
177 2589 312 2639 canimus
336 2587 448 2651 surdis,
474 2588 639 2655 respoudeat
664 2592 760 2640 omnia
786 2591 883 2642 siluae.
910 2617 941 2628 -
983 2597 1027 2651 46.
1053 2586 1124 2647 Moe

99 2674 196 2720 :men;
223 2653 241 2707 i.
258 2675 282 2708 e.
306 2664 452 2726 postquam
469 2658 600 2725 georgica
617 2656 835 2728 [con]scripsero.
870 2660 906 2710 Et
924 2661 1053 2713 ardentes
1072 2681 1125 2730 pu·

99 2724 327 2793 aas'legendum
354 2732 406 2776 est:
433 2742 499 2776 nam
523 2727 596 2778 male
612 2727 729 2792 quidam
753 2728 880 2779 ardeatis
900 2728 1032 2783 Caesaris
1050 2733 1122 2785 acci-

100 2803 180 2849 ,untt
205 2802 236 2844 ut
254 2796 280 2845 is
304 2797 460 2844 communis
485 2795 521 2845 sit
542 2795 653 2862 syllaba.
670 2824 703 2833 —
738 2801 781 2853 48.
803 2797 921 2849 Tithoni
943 2804 1037 2866 prima
1056 2816 1123 2869 quae

99 2867 163 2917 lese
189 2864 227 2914 ab
252 2865 363 2930 origine
382 2862 503 2927 Caesar;
527 2862 544 2913 i.
563 2882 587 2915 e.
608 2874 656 2916 tua
679 2865 752 2916 iacta
774 2872 816 2915 tot
839 2866 917 2918 annis
942 2869 1123 2923 celebrabun-

100 2952 139 2996 ιι,
169 2939 240 3001 quot
256 2933 321 2983 anni
337 2939 400 2982 sunt
417 2950 433 2982 a
451 2939 478 2983 te
495 2949 581 3001 usque
598 2934 632 2985 ad
658 2935 754 2985 mundi
773 2935 951 3006 principitun.
986 2939 1021 2989 Et
1038 2940 1123 2993 modo

100 3003 241 3055 ithonum
265 3019 315 3070 pro
338 3001 395 3052 sole
427 3002 532 3069 posuit,
563 3000 581 3053 i.
604 3019 702 3069 apro
729 3002 836 3057 Titane.
890 3006 961 3056 Nam
985 3006 1122 3061 Tithonus

100 3082 170 3125 ater
195 3068 393 3122 Laomedontis
416 3070 482 3134 fuit,
512 3086 597 3138 quem
623 3073 804 3140 praeliantem
832 3075 939 3126 Aurora
965 3073 1073 3143 dilexit,
1093 3086 1123 3133 et

100 3142 192 3211 rpuit,
225 3157 242 3190 a
267 3154 321 3207 quo
345 3155 431 3205 usqua
455 3138 490 3189 ad
514 3139 663 3193 Caesarem
686 3157 743 3193 non
768 3142 845 3195 valde
868 3144 989 3196 multum
1013 3154 1123 3218 tempus

100 3219 125 3263 a.
148 3237 186 3247 —
222 3211 266 3275 49.
283 3207 336 3258 Seu
361 3209 426 3273 quis
446 3207 647 3275 Olympiacae,-
671 3210 793 3261 dicturus
818 3219 859 3262 est
880 3213 913 3264 de
936 3218 1069 3268 armentis
1092 3224 1124 3272 et

100 3277 225 3346 egibus.
260 3278 392 3328 Armenta
414 3284 509 3327 autern
532 3286 594 3328 sunt
618 3278 753 3346 equorum'
778 3288 805 3331 et
829 3280 929 3346 bourn,
952 3283 1026 3351 quod
1052 3285 1122 3339 haec

100 3346 220 3401 rimalia
243 3353 308 3415 apta
331 3353 394 3396 sunt
417 3346 516 3396 armis:
538 3354 569 3396 ut
592 3347 674 3398 scutis
698 3348 783 3399 bourn
807 3349 897 3411 coria,
921 3352 984 3420 equi
1007 3354 1121 3424 praelio.

100 3432 193 3482 reges
212 3429 276 3464 vero
292 3412 461 3483 capellarum
479 3423 507 3466 et
524 3416 615 3467 ovium
639 3424 710 3468 stant.
745 3418 804 3488 lpse
830 3419 912 3486 paula
937 3430 998 3490 post
1023 3426 1122 3485 (23532

100 3484 161 3537 'aec
180 3483 269 3550 (codd.
287 3481 350 3539 ltocl
367 3486 439 3534 satis
458 3484 607 3550 armentis]
625 3498 740 3552 ruperat
756 3507 823 3556 pars
842 3488 929 3540 altera
949 3507 1046 3557 curae,
1064 3490 1121 3542 La-

100 3559 201 3624 igeros
220 3554 329 3619 agitare
345 3570 442 3619 greges
462 3550 605 3618 hirtasque
623 3555 755 3619 capellas.
788 3558 874 3626 [Haec
891 3565 996 3619 tamen,
1013 3579 1122 3613 armen·

100 3646 104 3673 ι
127 3637 156 3674 et
173 3619 307 3690 greges,]
330 3620 474 3673 sciendum
492 3625 592 3690 (vero),
616 3623 680 3692 quia
698 3625 767 3677 haee
790 3625 954 3695 plerumque
976 3629 1122 3682 confundit

100 3684 242 3746 {ctoritaa
277 3690 463 3759 Olympiacae
482 3695 603 3745 miratus
619 3698 747 3761 praemia
764 3696 890 3763 palmae;
915 3696 1049 3750 studiosus
1072 3715 1120 3749 cu·

102 3859 146 3908 37)
174 3859 199 3897 ln
213 3871 274 3897 verm
288 3858 371 3897 Terent·
386 3866 416 3899 eet
431 3874 466 3911 pro
481 3862 534 3902 inest
546 3863 593 3902 hals.
608 3862 676 3904 Guelf.
690 3863 705 3902 Ι.
725 3862 779 3905 nain
793 3864 853 3906 cuitu
866 3863 913 3905 heb.
927 3863 996 3915 steph.
1012 3864 1079 3905 Caeli.
1093 3869 1117 3907 11·

167 3916 242 3954 omisso
256 3918 285 3954 in·
313 3916 367 3956 Dein
382 3917 450 3957 ousta
463 3920 478 3956 l.
492 3921 517 3958 11.
531 3921 591 3961 vulta
605 3929 665 3975 atque
678 3924 701 3961 ia
711 3918 781 3970 sacre,
801 3924 882 3974 reliquis
897 3920 980 3960 omissis.
994 3944 1019 3954 -
1084 3916 1094 3941 ⁸*

101 3997 142 4041 Ad
158 4009 178 4032 v.
194 3993 228 4035 41.
256 3997 326 4034 unm.
346 3995 404 4035 haud
417 3998 499 4043 molta,
515 4012 555 4038 aon
568 3998 633 4045 levia,
648 4000 684 4039 aed
698 4014 749 4052 qnae
763 4000 878 4041 felicitatem
893 4000 968 4040 lubere
980 4000 1069 4052 petauri,
1084 4013 1119 4053 eut

164 4053 266 4096 debent:
280 4059 302 4091 et
315 4051 401 4094 abnuat
416 4055 541 4110 Sequemur.
555 4068 568 4098 ι
580 4056 714 4109 praesciente
729 4069 800 4107 vasu,
814 4057 828 4100 i·
843 4071 860 4098 s·
874 4068 1035 4114 prosequentis..
