2430 4620
273 271 277 277 ·
304 301 340 343 m
359 272 524 349 'vinem
549 271 713 340 cuono.
736 277 787 356 11,
810 248 963 348 nssls.
1088 274 1154 349 aas

113 481 191 519 mnu:
219 466 343 517 insertas
360 479 425 518 aero
442 479 536 531 calmas
553 469 601 514 aut
615 461 730 514 fabulae.
747 488 789 511 -.
825 468 870 519 34.
886 454 1035 530 Lapidasa.
1050 474 1155 534 carna,-

112 539 193 589 dura.
237 533 310 587 Aulai
333 536 380 601 (A.
398 541 431 599 3,
447 533 540 595 649)
571 529 771 599 Lapidasaque
796 546 882 583 corna
907 530 987 583 Dant
1014 533 1098 593 rami.
1120 558 1155 591 τ·

111 613 156 664 35.
177 602 314 671 Proprias
330 604 502 671 generatimr
525 601 543 652 i.
562 617 602 666 e.,
628 615 679 669 per
702 599 808 666 singule
832 615 944 666 genera.
979 594 1155 652 Generaliter

110 681 210 726 atatem
229 682 271 738 est
287 671 372 722 simul
387 670 490 722 omnia.
524 665 642 724 Γενικῶς
659 674 704 721 eal
720 662 791 721 nasei
808 671 891 739 rivas.
909 694 943 707 -
987 675 1033 726 37.
1049 668 1152 737 segnes

112 755 225 804 terrae‚·
242 739 357 811 pigrae,
371 736 562 791 infoecundee.
596 740 633 790 Et
648 738 729 790 docet
745 752 823 809 posse
839 737 974 790 industria
991 736 1076 790 etiam
1093 739 1166 799 loca!

111 810 273 878 asperrima
291 809 327 862 ad
342 807 515 860 fertilitatem
531 805 653 878 perduci.
688 805 817 874 lamara3
841 822 923 860 mons
946 814 987 858 est
1003 805 1151 865 Thraciae.

112 909 147 918 —
167 884 214 936 3&
233 878 319 958 [Olea
339 893 474 944 magnum
492 878 592 927 vestire
608 874 791 941 Taburnum
809 889 860 945 per
876 876 927 927 hoa
944 882 1053 929 montes
1067 870 1154 944 *signi-

113 948 182 1000 ficat
200 954 289 999 etiam
306 955 455 997 montuosa
478 952 508 1005 et
529 960 628 1012 aspera
644 943 705 996 loca
719 1002 724 1009 ¹
736 942 867 997 tentanda
883 943 963 1011 εσσε.)
995 943 1154 996 Taburnus

112 1014 235 1086 [autem]
259 1030 340 1066 mous
364 1013 540 1085 Campaniae.
579 1013 684 1065 Vestite
707 1024 788 1079 vero,
810 1013 928 1083 implere
951 1013 1094 1082 significat.
1120 1039 1155 1051 -

114 1093 161 1144 39.
178 1085 277 1153 Tuque
298 1082 364 1134 ades
380 1081 547 1147 Maecenas3
565 1081 676 1144 adesto,
693 1090 721 1134 et
737 1082 897 1152 incoeptum
916 1083 1042 1137 favorem
1064 1081 1155 1135 omni-

113 1154 169 1206 bus
184 1140 264 1205 libris
278 1150 442 1223 impendito.
474 1152 546 1204 Nem
564 1150 666 1220 ubique
684 1166 749 1203 eunt
765 1149 928 1219 invocat-
961 1154 1005 1207 40.
1021 1151 1048 1204 0
1062 1153 1157 1216 decus,

117 1242 135 1274 a
158 1222 255 1290 samaa
273 1223 371 1285 merito
390 1236 458 1286 pars
482 1221 619 1289 maxima
633 1231 762 1282 normae,-
777 1218 929 1287 Horatius,
953 1219 979 1270 O
1003 1233 1029 1271 et
1045 1222 1154 1287 praesi-

114 1293 199 1341 dium
223 1303 249 1342 et
270 1292 351 1342 dulce
375 1291 460 1340 decus
485 1307 584 1341 meum.
601 1313 635 1327 —
668 1294 713 1346 41.
730 1287 886 1361 Pelagaque
904 1289 1004 1340 volans
1029 1290 1065 1341 da
1091 1291 1154 1342 vela

114 1362 243 1428 patenti‚·
260 1359 380 1428 simplici
397 1358 499 1428 generi
511 1356 643 1410 carminis
659 1365 769 1427 praesta
786 1358 926 1411 favorem:
944 1364 976 1407 ut
996 1357 1061 1410 Vela
1078 1361 1153 1412 favo·

114 1447 181 1481 rem
204 1429 383 1496 accipiamus.
431 1425 532 1479 Patens
556 1428 689 1509 pelagus3
725 1427 856 1477 carminis
884 1425 1054 1487 facilitatem.
1093 1429 1154 1487 lioc

113 1507 215 1550 erstem
236 1514 350 1549 carmen
373 1495 455 1548 facile
479 1513 537 1550 esse
553 1512 612 1563 ipse
626 1493 771 1563 significat
787 1495 897 1562 dicens,
923 1502 950 1548 et
966 1495 1001 1546 In
1020 1498 1154 1549 manibus

114 1580 226 1619 ursae:
242 1567 296 1618 hoc
314 1572 355 1616 est
371 1565 401 1617 in
417 1565 493 1617 facili
511 1565 584 1618 etin
600 1570 794 1634 prorupturae
811 1563 900 1632 posita
918 1569 971 1617 est:
988 1590 1021 1602 -
1055 1571 1099 1623 42.
1117 1566 1155 1616 Et

114 1635 185 1687 Nan
209 1653 260 1703 ega
285 1645 396 1685 cuneta·
412 1636 482 1685 mais
505 1634 635 1701 amplecti
652 1633 783 1709 versibus
807 1646 887 1699 apto,·
912 1634 930 1684 i.
948 1649 989 1699 e.,
1011 1634 1076 1685 Nou
1091 1648 1154 1686 aum

114 1704 246 1757 univerae
261 1702 397 1756 dicturus:
423 1719 476 1756 uec
499 1702 576 1756 enim
599 1716 718 1769 possum.
752 1700 845 1767 Quare
862 1708 890 1754 et
905 1717 985 1753 suam
1002 1703 1156 1757 verecunda

115 1779 253 1825 extenuat
290 1771 494 1837 ossibilitatem,
518 1778 546 1823 et
567 1770 738 1822 Maecenatis
762 1769 875 1823 auribus
900 1786 931 1822 ex
954 1773 997 1821 aui
1021 1771 1153 1824 carminis

114 1841 254 1894 brevitate
270 1788 427 1893 itenditur.
459 1838 514 1891 alii
535 1839 616 1891 aliter
640 1837 787 1906 accipiunt.
821 1839 937 1890 Constat
959 1838 1155 1893 Maecenatem
1207 1871 1213 1878 -

115 1910 201 1962 fuisse
226 1911 370 1962 literarum
388 1906 527 1976 peritum,
551 1915 580 1960 et
621 1906 682 1959 lura
705 1910 888 1977 composuisse
911 1908 1045 1965 cerasina.
1079 1908 1155 1961 Nam

115 1979 204 2030 etiam
221 1978 336 2046 dugenti
353 1976 479 2030 Caesaris
503 1983 581 2045 gesta
602 1925 763 2046 Rescripsit,
787 1975 861 2041 quod
884 1983 999 2027 testatur
1023 1978 1154 2030 Horatius

115 2047 212 2099 dicens
235 2045 539 2114 (Garm.2‚12‚9.):
573 2043 671 2112 Tuque
699 2045 874 2112 pedestribus
905 2043 991 2097 Dicis
1022 2044 1154 2098 historiis

115 2116 228 2183 praelia
253 2115 386 2167 Caesaris
409 2113 561 2166 Maecenas
585 2114 701 2178 melius,
725 2114 862 2180 ductaque
885 2131 935 2180 per
958 2115 1022 2168 aiae
1045 2113 1156 2182 Regum

116 2185 191 2236 calla
217 2185 384 2251 minacium.
418 2183 454 2233 Ut
470 2183 524 2234 ho'c
541 2199 614 2234 stunc
631 2182 719 2246 dicat,
741 2182 937 2250 inceptumque
962 2200 1020 2234 una
1040 2185 1156 2235 decurre

117 2255 253 2306 laborem.
285 2254 307 2305 Ι.
323 2271 364 2318 e.,
386 2251 497 2318 adesto,
518 2259 548 2305 et
569 2251 652 2302 simul
673 2250 835 2311 scribamus.
869 2236 949 2304 Lic¹et
972 2252 1063 2318 euim,
1083 2268 1156 2322 quae

116 2330 148 2372 tn
177 2322 292 2388 scribis,
322 2338 380 2374 esse
416 2328 523 2373 constet
550 2319 686 2388 ingentia:
717 2335 815 2373 meum
844 2328 940 2373 autem
970 2334 1086 2375 carmen
1124 2329 1155 2374 et

117 2390 314 2456 breve'ait‚.ct
328 2397 418 2441 totum
435 2388 464 2441 id
481 2389 616 2460 explicare
633 2403 688 2441 non
706 2387 824 2459 possim,
848 2387 932 2441 debes
948 2395 1044 2442 tamen
1061 2392 1154 2443 favere

117 2457 285 2511 minoribus:
311 2467 354 2524 ut,
367 2457 534 2526 ‘Pelagoque
558 2459 658 2510 volans
683 2458 719 2507 da
743 2459 805 2509 stela
827 2459 949 2524 patenti,
972 2458 1008 2510 sit
1030 2456 1154 2526 ingentia

118 2528 218 2582 scribe.
235 2558 269 2571 --
310 2531 355 2585 44.
372 2527 409 2578 Et
432 2529 520 2594 primi
545 2527 603 2594 lege
628 2526 724 2578 litoris
750 2543 844 2591 aram3
869 2527 930 2581 fave
955 2526 1065 2580 minora
1082 2528 1154 2593 ,scri-

118 2595 204 2659 benti.
238 2595 306 2648 Nan
328 2614 378 2664 ego
403 2609 504 2647 cuneta
529 2599 615 2661 maim
638 2594 763 2647 Lucretii
785 2610 885 2648 versus.
919 2593 972 2646 Sed
995 2594 1041 2646 ille
1064 2613 1152 2650 aenea

117 2682 165 2717 roa
190 2663 245 2731 ait,
275 2680 331 2718 uon
354 2667 457 2717 ferrea.
504 2663 595 2716 Primi
621 2664 679 2731 lege
702 2663 798 2715 litoris
823 2666 919 2729 oram,·
946 2665 1006 2732 lege
1028 2665 1154 2717 nauticus
1177 2662 1182 2671 ’

117 2749 210 2786 sermo
228 2742 284 2799 est,
305 2733 353 2802 qui
370 2750 444 2786 nunc
462 2732 542 2787 etad
558 2730 745 2801 navigandum
763 2732 852 2798 (codd.
870 2732 1048 2800 navigium),
1074 2739 1103 2786 at
1118 2731 1155 2786 ad

116 2802 266 2855 lectionem
285 2810 375 2870 potest
397 2801 507 2855 referri.
540 2801 614 2854 Nam
636 2801 690 2852 hoc
715 2801 797 2866 dicit,
820 2801 911 2854 faveto
933 2800 1088 2871 principio,
1112 2801 1154 2854 vel
1183 2802 1186 2809 ’

116 2871 269 2924 humilitati
286 2871 418 2923 carminis
434 2869 499 2934 mei.
511 2896 546 2907 -
579 2875 623 2928 45.
641 2870 676 2921 In
690 2872 822 2921 manibus
834 2882 940 2935 terrae3
956 2870 975 2920 i.
991 2888 1015 2923 e.
1033 2873 1061 2921 in
1079 2870 1154 2922 facili

115 2939 166 3008 [et]
183 2940 216 2991 i'n
232 2947 366 3011 promptu
382 2947 424 2993 est
438 2947 579 2992 terrarum
595 2938 752 3007 descriptio.
786 2938 866 3007 Qisod
884 2937 988 2991 Graeci
1006 2932 1154 3009 πρόχειρον

115 3009 222 3062 dicunt.
256 3008 323 3062 Nan
340 3007 387 3061 tia
405 3021 430 3061 te
448 3010 573 3060 carmine
584 3006 674 3076 ficta,
689 3009 775 3075 Atque
792 3024 841 3074 per
859 3008 1007 3076 ambages,
1023 3021 1049 3067 et
1065 3010 1153 3078 langa
1173 3010 1184 3025 ‘

144 3199 184 3253 34)
215 3203 240 3241 ὓ.
259 3201 317 3241 uun
331 3206 379 3240 suut
392 3214 404 3239 a
418 3200 548 3252 qualitatibus
561 3190 674 3240 baccarum.
706 3201 774 3242 coma
787 3215 848 3253 geum
862 3201 955 3250 abacia,
970 3204 997 3244 sla
1016 3217 1056 3258 qna
1074 3205 1155 3247 hutilia

203 3259 255 3298 fiunt
268 3266 288 3297 et
301 3271 342 3296 uon
357 3270 431 3298 cornus
446 3259 513 3310 (quae)
527 3259 590 3297 habet
602 3259 696 3298 fructum.
710 3279 736 3289 -

143 3341 180 3380 Ad
196 3351 216 3377 v.
230 3336 265 3378 36.
284 3340 353 3376 Burin.
367 3338 426 3376 add:
447 3340 523 3384 Feros,
539 3339 573 3391 qui
586 3352 627 3377 nan
641 3346 688 3378 tunt
702 3341 743 3390 apti
757 3338 850 3378 humanis
864 3341 945 3382 usibus:
966 3340 1090 3393 nivosam,
1110 3346 1155 3396 syl·

205 3396 281 3435 veitres
296 3395 423 3433 etinoultos.
452 3395 547 3441 Mollite,
566 3402 624 3446 aptos
638 3395 705 3435 facita.
737 3396 839 3442 colendo,
862 3399 894 3438 val
909 3399 971 3439 aulea.
1000 3400 1071 3441 Onitt
1087 3378 1155 3442 (iurlf.

203 3453 218 3490 1.
233 3453 256 3489 ll.
270 3454 294 3491 B.
308 3453 333 3490 Ιι.
347 3452 373 3489 R.
388 3453 414 3489 V.
428 3453 476 3496 Vos.
490 3453 560 3502 steph.
573 3454 627 3491 Dan.
847 3480 850 3485 .

143 3533 182 3581 37)
213 3533 280 3572 Guelf.
294 3533 309 3570 1.
323 3533 347 3571 ll.
360 3534 385 3572 Β.
399 3533 425 3572 R.
441 3535 489 3572 Vos.
500 3533 619 3586 perducere.
647 3535 703 3574 Fart.
717 3534 796 3586 legend.
810 3534 940 3577 industriam.

143 3597 181 3661 38)
212 3614 237 3651 G.
252 3613 384 3664 Campaniae,
400 3615 434 3653 vel
448 3613 579 3658 Sabinorum,
594 3614 628 3652 vel
641 3613 734 3664 Apuliae.

142 3692 183 3743 41)
211 3695 279 3733 idem:
298 3694 423 3734 facilitatem.
451 3694 483 3733 Ac
498 3693 514 3730 ai
529 3700 597 3742 aperte
613 3693 677 3738 dicat,
698 3693 746 3732 nihi
761 3695 859 3736 auxilium
874 3697 900 3736 da
920 3696 941 3736 in
955 3697 995 3736 lroa
1008 3698 1090 3744 lallare,
1108 3698 1155 3750 quia

204 3753 266 3789 anau
281 3764 302 3796 er
317 3759 351 3796 tu,
365 3752 408 3789 aiva
423 3752 528 3801 placeant,
548 3751 648 3800 quomodo
663 3763 721 3789 cusae
736 3750 812 3791 fuerint
825 3754 862 3793 tibi
876 3768 1012 3806 quaecumque
1026 3768 1086 3806 pono.
1100 3776 1126 3787 --

143 3832 181 3872 Aa
197 3844 216 3869 v.
230 3828 265 3870 43.
279 3831 345 3870 idem:
360 3833 457 3882 Linguae
472 3829 563 3875 aenean,
579 3832 697 3870 Homericus
711 3846 780 3872 seusus
796 3834 869 3873 Graeci
883 3840 961 3885 poetae.

142 3909 183 3959 44)
212 3913 234 3950 ln
248 3913 287 3950 fine
303 3912 328 3951 G.
342 3910 426 3950 Transit
439 3910 596 3955 festinationem,
611 3918 633 3949 ut
648 3912 700 3951 vada
715 3913 765 3952 dura
779 3915 823 3966 lego
837 3915 866 3964 (A
886 3915 912 3962 3,
928 3915 993 3966 706.)

142 3990 182 4042 45)
213 3993 238 4030 G.
254 3993 329 4030 dicunt.
343 3999 367 4030 ut
379 3991 401 4030 ia
416 3993 506 4031 manibus
522 4000 594 4032 terram
612 3994 698 4036 habeam
711 4009 753 4036 aaa
766 3997 855 4053 amelin
874 3997 961 4039 deinde:
980 3996 1093 4050 Amlagas,
1111 3995 1154 4038 eir-

204 4050 268 4089 cuitus
284 4051 310 4090 ab
325 4049 432 4091 ambiendo
447 4049 503 4088 dicti.
