2430 4620
147 306 240 371 326·
326 292 613 358 Pttttnuctntt
637 288 998 355 COMMENTARIUS

218 479 279 535 hl.
291 488 327 545 3,
344 488 372 539 8.
396 480 573 533 Transverso
596 480 740 531 tuentibus
758 476 864 543 bircis;
886 476 992 546 legitur
1014 481 1046 529 et
1063 472 1181 543 bisquis,

150 550 171 603 i.
193 568 234 617 e.,
255 550 356 615 oeulis,
381 568 413 603 ac
436 550 588 602 humilibus
609 558 638 601 et
659 547 853 617 languentibus
876 546 961 597 oeulis
986 546 1183 611 (acuminibus

149 620 352 687 languentibus
369 636 403 669 oc
421 620 510 682 udis),
526 635 583 670 non
599 616 746 685 ignorante
761 616 863 687 populo
879 622 948 681 (non
966 624 1081 665 rotonis
1096 630 1182 681 pupu-

150 686 229 749 tati
259 688 407 741 luvenalis:
425 689 575 753 oculosque
592 688 623 737 in
635 686 699 753 fine
717 696 879 747 sternentes,
904 683 1028 736 Persius:
1054 680 1181 734 Putranti

143 755 261 827 {sams
278 758 412 809 osello-
447 766 490 813 30.
507 756 596 807 Binos
614 756 668 805 alit
686 756 767 805 ubere
779 753 874 822 setun
890 753 913 804 si
930 750 1013 803 vitula
1031 752 1183 817 astadbua,

150 840 239 895 quara
255 825 338 877 linos
355 826 411 877 alit
428 824 508 877 ubere
520 822 623 895 fetus?
645 823 693 876 sed
710 832 741 873 ut
756 823 830 891 apud
846 820 1010 875 Terentium
1035 824 1123 890 uirgo
1147 820 1181 871 di·

149 894 225 945 etun
239 909 311 963 grue
327 895 450 965 peperit,
465 902 497 944 ut
511 894 542 945 in
558 891 686 961 Adelphis
703 896 747 956 (4,
765 904 797 956 tt,
816 892 884 955 10.):
912 888 985 939 Puer
1002 902 1094 941 natus
1112 888 1183 941 nibil

148 960 234 1014 bedas
248 964 347 1031 uirgo‚·
370 963 410 1014 sic
425 962 520 1030 uirgo,
540 977 612 1030 qnae
637 962 723 1029 parit,
746 961 809 1013 ideo
833 960 868 1012 ad
890 957 1047 1011 secundum
1093 967 1183 1010 erum

149 1030 230 1101 virga
243 1030 556 1101 dieitur,1sostmodum
573 1030 682 1081 medies.
715 1030 768 1080 llic
789 1035 985 1098 nortpertum
1003 1030 1037 1078 oi
1082 1046 1101 1077 a
1119 1028 1182 1079 dici·

149 1104 198 1153 tur
218 1115 272 1171 pso
294 1116 385 1151 uacca.
407 1126 441 1137 -
483 1106 528 1159 39.
549 1097 656 1168 Diffus.
681 1096 799 1162 bodera,-
821 1098 923 1165 legitur
945 1103 976 1147 et
999 1098 1125 1160 aedera,
1149 1096 1180 1147 ab

149 1166 272 1220 serendo
288 1168 451 1235 arboribus,
473 1177 501 1221 et
517 1169 575 1219 sine
592 1167 760 1235 aspiratione
776 1166 830 1218 dici
847 1166 938 1218 debet.
954 1190 988 1201 —
1025 1172 1073 1223 02.
1090 1165 1128 1215 Et
1145 1182 1182 1215 ns

150 1234 277 1289 Pbesbus
301 1252 395 1302 ornos,-
418 1238 438 1289 i.
460 1258 500 1300 e.,
523 1238 638 1289 Caesars
669 1242 718 1287 aut
740 1236 877 1303 originem
901 1236 1051 1303 geniturae
1077 1250 1111 1285 ax
1135 1234 1180 1286 isto

148 1320 229 1357 versu
244 1304 475 1375 cosrrprelrendit:
492 1322 557 1356 naus
576 1298 666 1356 niet'er
683 1303 790 1371 Virgilii
807 1306 896 1356 lertnr
912 1301 1003 1367 Lilaia,
1031 1320 1102 1355 curn
1120 1318 1180 1355 ean·

148 1374 215 1425 dem
230 1374 354 1445 paritura
370 1373 461 1453 gratis
478 1382 560 1438 esset,
575 1372 725 1425 somniasse
741 1373 812 1424 latui
828 1374 950 1427 fructum
968 1371 1053 1423 variis
1070 1372 1180 1424 floritu

149 1449 281 1495 ornatum
304 1458 438 1521 geniusse.
454 1468 488 1479 —
522 1448 567 1499 00.
583 1442 645 1509 Qui
661 1442 783 1493 Bavium
806 1448 873 1501 etc.;
895 1440 963 1493 duos
985 1440 1032 1491 sui
1048 1440 1179 1521 umpotit

148 1516 243 1581 poem
260 1509 327 1563 dicit
349 1511 495 1578 pessimos,
517 1527 636 1581 quorum
660 1510 784 1561 earnrina
808 1509 845 1560 ob
867 1508 1061 1561 bumilitatem
1077 1510 1178 1561 abietis

148 1586 219 1630 stmt.
254 1576 319 1629 vm
341 1593 409 1649 ergo
432 1590 531 1631 notare
557 1582 603 1649 qui
626 1586 690 1631 sunt
712 1579 819 1631 inimici
841 1577 964 1645 Virgilii,
985 1578 1038 1645 qui
1060 1579 1178 1645 visiun,

148 1648 168 1699 i.
184 1664 223 1713 e.,
236 1646 389 1717 perunum
406 1652 533 1719 politam,
557 1658 585 1701 et
600 1648 757 1714 Maesium,
771 1646 791 1699 i.
808 1662 847 1712 e.,
862 1646 988 1715 peiorem
1005 1650 1139 1715 pa‘dtam,
1151 1654 1176 1697 rt

148 1714 263 1783 duplum
280 1714 402 1768 babeant
417 1717 530 1768 nulum.
564 1717 603 1768 Es
621 1718 720 1784 quibus
737 1716 836 1769 leviro
851 1722 964 1767 cruatur
979 1714 1055 1781 trus,
1077 1718 1114 1771 da
1129 1730 1173 1785 qut

149 1784 287 1837 Domitius
303 1786 332 1836 in
351 1785 452 1836 Cicuta
470 1788 572 1838 refert:
591 1786 697 1837 Omnia
717 1802 783 1847 sup
803 1784 892 1836 Vasio
910 1788 1078 1851 communio
1089 1786 1174 1856 frater

149 1854 285 1921 babela,
308 1852 448 1905 Unanimi
465 1854 575 1923 fratres
591 1858 667 1907 sicut
689 1854 790 1905 ltobsrs
808 1854 897 1907 solent
904 1877 913 1917 ς
938 1852 1041 1919 lim,
1063 1856 1174 1919 domum,

150 1940 296 1990 nummos,
311 1934 338 1974 st
354 1924 473 1991 denique
490 1925 601 1985 omnio,
625 1936 656 1974 ut
673 1926 771 1989 aiunt,
795 1923 967 1987 Corporibus
984 1926 1113 1990 geminis
1128 1924 1174 1991 spi·

151 1996 224 2044 ritus
240 2008 320 2043 unus
336 2004 402 2043 srot.
438 1994 490 2043 Sed
507 1988 654 2061 postqun'm
673 1994 792 2043 alterius
809 1993 913 2043 mulier
929 1995 1097 2044 communis
1114 1994 1173 2043 utri·

150 2079 218 2128 gus,
239 2060 345 2127 Novit,
360 2063 490 2129 deposuit
504 2064 576 2113 alter
593 2063 759 2115 amicitiem.
775 2092 809 2103 -
845 2067 905 2118 106.
922 2060 989 2111 ‘l'rr‘s
1008 2073 1105 2128 pateat
1119 2069 1174 2120 etet

150 2130 222 2201 apud
237 2133 366 2249 antigone
386 2131 440 2181 suit
461 2131 606 2182 altissimus
629 2139 741 2201 puteus,
763 2130 793 2182 in
817 2146 902 2198 quem
925 2130 1132 2183 descendebant
1144 2127 1172 2180 ed

147 2214 227 2252 nera
243 2199 302 2251 cele
322 2199 427 2251 rande:
450 2200 526 2249 errius
542 2202 619 2270 putei
634 2200 725 2263 orbis,
740 2201 758 2250 i.
776 2216 815 2264 e.,
837 2213 959 2248 summus
976 2198 1115 2265 circulus,
1127 2211 1170 2267 gat

149 2286 164 2321 t·
178 2275 349 2333 gnoscerent
365 2266 433 2319 eniri
448 2277 611 2337 proventus,
632 2284 689 2321 uon
707 2268 824 2334 emplius
841 2283 925 2333 quam
949 2267 1041 2318 tritun
1059 2269 1170 2320 ιὼιιῐιωι

150 2335 286 2388 lubebat:
315 2352 436 2403 eumque
459 2337 675 2403 descendissent,
699 2354 755 2386 non
778 2352 823 2387 em
845 2336 945 2387 liorem
970 2336 1046 2387 coeli
1070 2345 1172 2406 partera

149 2420 233 2471 qum
255 2413 357 2483 puteus
378 2404 491 2468 habuit,
514 2410 648 2473 poterant
659 2406 766 2466 ridere,
789 2354 843 2456 ved
855 2419 952 2472 specus
969 2406 1051 2471 apud
1066 2409 1173 2457 Aetrnm

149 2480 178 2526 in
194 2472 287 2524 Siciba
304 2481 422 2542 angtuto
439 2489 501 2536 ore,
523 2472 662 2544 profunda
676 2473 834 2537 latitudine,
851 2489 1006 2542 perquem
1025 2482 1101 2545 tanta
1114 2474 1173 2523 Pro-

147 2542 260 2611 serpina
282 2558 299 2593 a
315 2542 381 2592 Dite
404 2550 496 2609 patre;
521 2542 562 2593 vel
586 2544 708 2606 coelum,
732 2560 782 2612 pro
805 2550 865 2592 toto
890 2543 1006 2593 mundo.
1045 2542 1091 2595 Alii
1107 2542 1172 2591 cosli

148 2613 273 2677 spatium
290 2609 418 2678 elypeum
434 2610 545 2663 Achillis
560 2610 655 2662 dicunt
671 2613 757 2663 trium
775 2613 919 2674 ulnarum,
936 2612 965 2661 in
983 2628 1046 2679 qun
1061 2626 1172 2680 expressa

150 2679 221 2733 coeli
243 2679 336 2731 torma
355 2682 456 2732 fuerat.
489 2682 589 2731 Aliter:
613 2681 643 2730 in
668 2680 758 2730 Sicilia
782 2680 865 2732 ianua
889 2679 1057 2749 speltoreae,
1076 2679 1105 2731 iu
1123 2693 1173 2747 quo

149 2750 240 2801 Orcus
255 2746 387 2800 Liberam
404 2749 504 2817 rapuit.
537 2748 637 2801 Aliter:
661 2750 727 2799 dicit
744 2748 905 2799 Cornificius
929 2749 966 2797 ab
990 2750 1057 2817 ipso
1072 2748 1177 2817 l'irgilio

149 2818 273 2880 audisse,
287 2818 362 2885 quod
375 2818 500 2883 Coelium
518 2817 701 2869 Mantnnnnnr
718 2816 855 2883 quendem
873 2817 973 2881 tetigit,
992 2820 1043 2885 qui
1061 2832 1179 2868 cousum-

149 2888 203 2955 ptis
225 2887 354 2937 omnibus
380 2885 571 2948 facultatibus,
598 2886 668 2937 nihil
691 2886 745 2935 sihi
769 2884 881 2953 reliquit
903 2886 956 2935 nisi
979 2885 1179 2941 loeum‚trium

149 2956 278 3005 ulnarum
294 2955 329 3006 ad
347 2954 524 3021 sepulttunm.
558 2955 629 3006 ltern
641 2954 752 3006 Oledius
764 2954 850 3005 Nasso
867 2953 1020 3003 toril'icium
1040 2954 1086 3019 (al.
1101 2954 1181 3023 orifi),

148 3030 258 3075 tannim
274 3023 383 3073 coelum
408 3032 503 3090 patere
520 3022 641 3086 videtur,
663 3031 798 3090 quantum
820 3022 969 3072 torilicimn
994 3030 1085 3088 patet.
1117 3024 1181 3075 ltem

149 3091 279 3141 Arrenius
295 3091 429 3143 Pedianus
446 3092 499 3154 ait,
514 3107 543 3140 se
562 3091 669 3143 audisse
688 3092 831 3157 Virgilium
849 3091 988 3142 dicentem
1006 3092 1037 3142 in
1054 3090 1180 3142 hocloco

149 3174 178 3210 se
191 3158 389 3210 Grammaticis
406 3175 518 3210 erucem
536 3157 637 3223 fuisse,
654 3165 825 3229 qrraesituros
842 3175 897 3222 eos,
912 3161 934 3208 si
954 3160 1023 3226 quid
1040 3160 1180 3212 studiosius

149 3226 343 3279 occultaretur.
376 3228 450 3278 Dicit
466 3236 560 3280 autern
577 3234 659 3296 po'e'ta
676 3228 803 3279 Coelium
821 3228 1017 3280 Mantuanum.

217 3294 277 3345 Ecl.
291 3298 320 3360 4,
334 3301 380 3354 63.
396 3296 457 3347 Deo
477 3314 525 3347 nec
543 3299 661 3364 dignata
680 3298 771 3349 cubili
788 3309 844 3360 est,
861 3298 952 3367 pueris
969 3297 1117 3350 nobilibus
1133 3297 1181 3352 edi

148 3362 200 3429 ru,
213 3363 244 3415 in
261 3368 332 3414 atrio
350 3366 449 3415 lunoni
466 3365 589 3418 Lucinae
606 3367 691 3418 lectus
729 3366 879 3430 ouebatur,
895 3366 1008 3419 Herculi
1027 3384 1134 3421 mensa.

217 3431 275 3483 Ecl
294 3437 326 3496 5,
349 3440 394 3489 20.
416 3433 579 3484 Extinctum
603 3444 669 3493 etue
698 3384 746 3486 alii
769 3435 875 3485 luctum
898 3434 1039 3500 Salonini,
1061 3434 1180 3488 nonnulli

148 3498 240 3551 flacci
260 3502 354 3551 fratris
378 3501 436 3552 eius
459 3511 563 3572 putant.
597 3502 720 3572 Daphnis
742 3503 878 3556 Mercurii
901 3503 988 3566 lilius,
1012 3512 1111 3571 pastor
1134 3503 1180 3557 exi·

149 3570 226 3620 miae
240 3564 350 3621 immae
366 3569 447 3620 luisse
466 3570 572 3622 dicitur.
606 3573 657 3622 Hie
674 3571 789 3623 dilectus
806 3588 823 3622 a
840 3571 967 3639 Nympha
985 3569 1079 3640 Lyca,
1105 3572 1180 3625 adem

148 3637 241 3703 dedit,
255 3637 357 3689 nullius
372 3655 403 3690 se
419 3638 543 3690 mulieris
566 3640 678 3691 alterius
695 3641 845 3692 concubitu
860 3656 990 3698 usurum3
1015 3641 1066 3694 sed
1083 3641 1179 3704 fefellit,

150 3706 186 3755 ob
204 3704 278 3775 quod
294 3707 408 3758 orbatus
424 3714 467 3758 est
482 3707 647 3774 luminibus,
670 3709 745 3776 quod
766 3708 831 3760 licet
853 3708 1026 3761 carminibus
1043 3718 1074 3762 et
1098 3709 1177 3761 fistula

149 3774 298 3840 solaretur,
319 3790 377 3827 uon
399 3782 492 3827 tamen
516 3777 563 3827 diu
580 3776 652 3829 vixit.
669 3794 703 3816 ύ-
738 3786 782 3834 72.
798 3777 834 3828 Et
850 3777 969 3844 Lyctius
988 3779 1106 3845 Aegon,
1128 3776 1176 3845 Ly·

149 3844 225 3893 etius
241 3845 394 3909 Cretensis,
415 3860 433 3895 a
448 3844 545 3912 Lyctio
569 3844 639 3897 urbe
656 3848 766 3898 Cretae.
783 3871 817 3884 -
858 3853 901 3904 74.
920 3846 1081 3898 Sollemnia
1107 3861 1176 3908 vorm

149 3926 298 3963 menarum
315 3914 369 3964 tria
386 3927 506 3980 genera,
530 3929 617 3964 tinum
634 3915 781 3980 sollemne,
805 3913 879 3967 aliud
902 3916 1051 3980 viaticum,
1076 3934 1126 3969 seu
1142 3913 1177 3966 sul·

147 3980 312 4046 ventitium,
329 3989 361 4033 ut
377 3981 489 4033 Terent.
506 3981 585 4047 (Eun.
603 3992 636 4045 2,
654 3992 686 4048 2,
703 3985 774 4043 28.>:
797 3984 840 4033 Ad
858 4000 973 4034 coenam
993 3998 1115 4051 vocant,
1137 3983 1177 4035 od-

153 4059 266 4098 sentum
283 4050 483 4118 gratulantur;
502 4056 530 4103 et
546 4050 678 4117 Geniale,
695 4051 769 4119 quod
786 4052 881 4104 Genio'
893 4060 987 4104 nostro
1006 4054 1179 4119 indulgentes.
