2430 4620
179 298 597 387 utinamutinam.
620 318 702 382 tiu.
723 317 779 391 xt,
802 319 999 388 tat-197.
1073 322 1116 383 rs

72 510 208 564 feminino
221 527 326 580 genere
341 511 490 564 dixerimus
504 527 613 579 operas,
629 507 701 575 ipsas
718 520 850 578 personas
867 520 939 575 quoe
955 502 990 556 ali
1032 500 1060 554 'd
1076 503 1117 555 la·

65 580 163 645 ciunt,
188 581 387 648 significamus.
434 580 511 631 Sicut
535 580 664 629 custodio
690 575 792 627 dicitur
816 591 888 642 quae
915 581 992 624 custo
1011 573 1049 638 it,
1077 580 1117 636 ut,

67 648 171 701 Cernis
190 652 322 701 custodia
341 651 436 719 qualis
460 648 602 700 Vestibalo
627 647 673 713 (al.
696 644 833 707 Velioolo)
858 644 959 695 sedeat.
993 641 1067 694 Nam
1084 649 1116 692 nt

64 718 95 769 tn·
121 719 175 786 qui
197 719 407 785 custodiuntur,
431 719 576 769 custodiae
600 717 743 780 dicantur,
764 729 831 773 pisus
851 720 929 764 etum
953 717 1001 763 est.
1035 710 1116 763 Unda

55 787 144 843 ¹uirile
164 796 206 841 est
221 788 252 840 in
270 804 334 839 usu:
350 787 491 841 custodiae
507 787 705 839 audiuntn-
741 788 802 841 185·
845 784 1115 849 onstftsstrtpymt

64 874 141 922 pyra
161 864 205 908 est
219 856 361 923 lignorum
379 856 531 922 congeries.
567 854 681 921 Rogas,
708 868 774 904 cum
797 851 856 902 iam
874 852 973 903 ardere
989 849 1116 917 coeperit

60 926 178 978 dicitur.
214 926 335 976 Bustum
354 942 418 978 vero
434 927 493 978 iam
510 938 634 977 exustum
652 930 772 973 vocatur.
809 921 901 988 Quem
918 919 1045 971 ordinem
1060 935 1114 970 ser-

58 1002 110 1044 rat
127 997 230 1062 polita,
248 993 355 1048 dicens:
380 995 555 1047 Constituere
573 1009 669 1063 pyras.
704 992 790 1042 ltemt
817 991 1011 1056 Subiectisque
1037 988 1113 1057 igni-

59 1064 119 1115 lrus
138 1066 217 1115 atris
236 1062 291 1116 Ter
315 1066 422 1115 circum
447 1080 580 1115 accensos
598 1061 755 1111 Decurrere
782 1078 873 1126 rogos.
908 1060 980 1111 Item
1005 1066 1115 1128 postea:

59 1133 255 1200 Semustaque
281 1128 396 1185 servant
412 1134 509 1186 Busta.
525 1157 560 1170 ·-
602 1136 662 1188 186.
680 1130 762 1181 More
787 1129 875 1180 tulere
898 1140 1027 1198 potrum;
1050 1126 1115 1195 quia

58 1202 142 1273 apud
160 1202 251 1254 varias
274 1211 373 1270 gentes
398 1202 501 1255 diversa
524 1202 638 1253 fuerunt
661 1214 766 1268 gessere
788 1199 955 1268 sepulturae.
989 1196 1056 1249 Inde
1075 1203 1116 1249 est

56 1270 142 1340 quod
161 1270 211 1322 alii
228 1269 400 1337 obruuntur,
416 1272 464 1325 olii
481 1275 647 1335 exuruntur,
671 1268 718 1320 alii
737 1269 864 1347 proprias
880 1266 1062 1319 remittuntur
1079 1265 1114 1316 ad

80 1338 189 1390 sutrinse
213 1339 261 1391 alii
285 1357 336 1410 pier
359 1341 449 1406 diem,
475 1347 506 1390 ut
522 1355 596 1390 nunc
618 1339 677 1392 isti:
701 1337 748 1388 alii
765 1355 815 1406 per
833 1344 961 1400 noctem,
983 1342 1114 1403 utsupra

56 1359 168 1460 latter.
201 1407 239 1459 Et
254 1408 344 1479 perite
361 1408 410 1462 has
427 1409 572 1460 varietates
592 1406 723 1475 Virgilius
740 1406 838 1474 posuit.
882 1406 1012 1472 Namque
1028 1404 1115 1456 Hera-

58 1477 167 1541 clitus,
184 1475 233 1544 qui
251 1479 345 1530 omnia
362 1478 420 1531 vult
436 1493 467 1529 ex
483 1478 549 1546 igne
566 1485 710 1538 constare,
730 1475 811 1540 dicit,
828 1473 932 1527 debere
949 1487 1069 1540 corpora
1085 1472 1115 1525 in

59 1547 169 1613 ignem
194 1545 302 1598 resolvi.
337 1546 439 1601 Thales
462 1562 541 1611 varo,
566 1546 615 1613 qui
638 1545 800 1609 confirmat,
826 1545 922 1609 omnia
939 1560 971 1596 ex
994 1542 1114 1594 humore

10 1620 21 1643 ·'
58 1612 230 1685 procreari,
247 1613 314 1666 dicit
332 1615 475 1669 obruenda
491 1630 625 1685 corpora,
649 1623 680 1664 ut
696 1613 800 1686 possint
816 1614 846 1664 in
862 1614 1014 1665 humorem
1031 1611 1114 1665 resol-
1157 1616 1161 1623 '

58 1684 100 1734 vi.
139 1682 261 1750 Ignibus
280 1687 368 1749 atris,-
386 1684 463 1752 atqui
478 1685 556 1752 ignes
571 1686 629 1734 atri
646 1699 703 1734 nou
721 1689 792 1747 sunt,
809 1682 855 1734 sed
872 1683 1016 1754 epitheton
1032 1681 1115 1733 traxit

59 1752 102 1803 de
120 1768 160 1802 ne
182 1753 253 1816 otio,
276 1761 307 1803 ut
325 1755 398 1804 atris
416 1752 521 1805 diceret
529 1768 542 1819 ,·
559 1751 614 1803 hoc
632 1760 672 1802 est
688 1751 867 1803 funebribus:
891 1759 923 1802 ut
939 1750 1021 1822 paulo
1039 1758 1115 1821 post:

62 1833 109 1871 ter
163 1833 272 1871 aestum
284 1820 405 1890 funeris
424 1824 534 1888 ignem,
556 1820 573 1871 t'.
592 1840 614 1874 a.
631 1819 790 1872 funebrem.
824 1820 899 1873 Nam
916 1827 1037 1874 moestus
1056 1835 1115 1874 esse

62 1906 127 1941 non
151 1896 245 1959 potest
265 1891 345 1957 ignis.
380 1891 484 1958 (cirris,
506 1906 571 1941 cum
595 1886 807 1960 concipiuntur]
824 1916 858 1928 -
896 1895 956 1948 187.
976 1888 1115 1941 Conditur

63 1966 142 2031 etc.)
164 1957 184 2008 i.
200 1976 224 2010 e.
248 1960 297 2010 air
312 1959 386 2011 lumi
410 1959 576 2013 obscuritate
599 1959 763 2026 completur.
781 1983 814 1996 -
856 1966 917 2017 188.
939 1959 1033 2010 Cincti
1048 1959 1115 2041 sul·

62 2026 204 2093 gentibus
223 2030 327 2089 orrnis;
351 2028 386 2096 [i.
405 2047 428 2081 e.
445 2029 559 2080 incincti
576 2035 604 2080 et
619 2026 766 2092 instructi]
798 2029 912 2082 Frustra
935 2029 990 2080 hoc
1011 2046 1026 2081 e
1045 2028 1114 2081 ithe-

63 2104 118 2147 ton
135 2103 238 2155 notant
256 2097 368 2163 critici,
393 2098 470 2166 quasi
487 2097 690 2149 circumeuntes
716 2112 799 2163 rogos
816 2097 868 2151 alia
893 2115 974 2150 arma
990 2045 1116 2150 habuere

60 2163 227 2218 debuerint.
264 2164 374 2234 cincti,
389 2167 407 2219 i.
425 2186 449 2220 c.
465 2167 600 2219 instructi.
617 2192 650 2204 -
688 2170 748 2222 189.
767 2165 923 2219 Decurrere
943 2185 1040 2235 rogos3
1063 2183 1115 2236 pro

62 2235 178 2285 circum
200 2253 284 2302 rogos
299 2251 455 2289 cucurrere.
489 2236 566 2286 Bene
579 2244 673 2286 autem
686 2234 725 2286 ait
739 2235 894 2302 decurrere,
912 2252 967 2288 non
980 2238 1114 2287 decucur-

64 2321 136 2355 rere.
172 2303 250 2355 Nam
266 2304 352 2358 verba
368 2322 440 2375 quae
468 2304 498 2356 in
515 2304 668 2371 praeterito
685 2306 809 2374 perlecto
833 2306 957 2375 primam
981 2305 1114 2374 syllabam

61 2373 231 2441 geminant,
256 2380 287 2423 ut
304 2391 404 2441 carro,
429 2373 560 2439 cucurri,
584 2373 700 2436 tondeo,
723 2375 848 2441 totondi,
871 2391 937 2425 cum
962 2376 1115 2447 composita

59 2443 190 2508 luerint,
214 2442 357 2511 geminari
381 2459 438 2496 non
462 2449 583 2510 possunt.
619 2443 693 2494 Nam
718 2443 832 2494 decurri
857 2451 885 2496 et
910 2445 1026 2496 detondi
1048 2445 1115 2497 dici-

60 2528 142 2576 mus,
167 2526 228 2562 non
253 2511 402 2566 decucurri
426 2528 518 2579 neque
544 2511 703 2562 detotondi:
729 2514 849 2581 exceptis
873 2521 982 2565 tantum
1000 2514 1115 2576 duobus,

61 2581 162 2649 [doet
182 2577 248 2644 sto]
284 2581 327 2645 (L.
346 2595 404 2649 sto,
422 2584 497 2644 steti,
516 2581 566 2645 do,
585 2581 650 2630 dedi
656 2598 663 2641 3
680 2581 787 2632 faciunt
804 2581 881 2633 enim
888 2620 895 2646 ,
914 2595 995 2644 resto,
1015 2585 1115 2647 restiti,

62 2650 160 2714 reddo,
183 2649 315 2710 reddidi.)
329 2678 364 2690 —-
399 2656 460 2708 191.
478 2649 640 2717 [Spargitur
659 2661 684 2700 ct
701 2651 785 2701 tellus
804 2652 954 2719 lacrymis,
973 2647 1114 2721 decapole-

62 2720 109 2787 yia
128 2726 181 2783 est,
201 2733 269 2770 nam
288 2719 364 2785 prius
382 2727 424 2772 cst
439 2726 470 2769 ut
487 2735 567 2770 arina
584 2727 751 2787 spargantur
768 2718 896 2786 lacrymis
914 2737 985 2789 quae
1002 2723 1113 2790 corpori

60 2788 233 2850 adbaerent,
250 2804 334 2854 quam
351 2796 484 2840 terra-
521 2787 994 2856 192.tr00210;proincoe1um.]
1030 2790 1113 2842 Clan-

82 2873 173 2923 orque
203 2857 352 2919 tuborum3
382 2865 446 2909 ante
472 2856 547 2907 euim
577 2857 680 2908 mortui
712 2857 747 2908 ad
775 2859 875 2911 tubam
897 2860 1113 2914 deducebantur.

61 2876 143 2978 linae
161 2925 276 2975 Persius
294 2929 338 2992 (3,
356 2926 440 2987 103.):
467 2924 545 2976 Hinc
562 2929 629 2976 tubo
649 2927 781 2976 candelae
799 2929 964 2995 tandemque
983 2930 1114 2983 beatulus

62 2994 121 3047 olto
142 2993 328 3060 compositas
347 2996 476 3047 leera-
511 2999 572 3051 193.
590 2994 667 3046 Hinc
691 2997 746 3046 alii
770 3000 863 3065 spolia
883 3000 986 3049 occisis
1004 3001 1113 3066 direpta

64 3060 204 3124 Latinis3
221 3064 374 3114 secundum
391 3079 456 3116 suae
474 3064 563 3131 gentis
579 3065 679 3115 ritum:
697 3064 743 3116 alii
761 3065 870 3118 hostilia
889 3085 983 3133 arma,
1001 3070 1036 3121 ali
1050 3084 1114 3137 per·

66 3139 232 3203 aptorum
257 3132 423 3185 cremabant
441 3147 567 3200 corpora.
586 3161 620 3171 —-
659 3139 716 3192 195.
736 3132 936 3202 Ferventesque
955 3149 1049 3203 rotas,·
1073 3138 1115 3191 ni·

66 3201 124 3253 mio
141 3200 254 3252 scilicet
270 3217 360 3253 cursu.
394 3201 467 3253 Alibi
492 3201 536 3264 (G.
557 3201 694 3266 3,107,):
723 3203 804 3255 Volat
829 3209 859 3256 vi
878 3206 1014 3273 fervidus
1040 3210 1114 3260 axis.

65 3268 200 3322 Horatius
218 3269 324 3335 (Carm.
343 3271 443 3336 1,1.):
466 3269 597 3338 Metaque
609 3271 736 3340 fervidis
755 3275 859 3325 evitata
879 3276 958 3326 rotis.
1006 3276 1041 3327 Et
1052 3275 1115 3343 ser·

67 3351 161 3390 sentes
187 3354 247 3390 non
272 3339 372 3406 modo,
395 3338 444 3391 sed
461 3356 532 3406 qliae
551 3340 657 3391 soleant
679 3341 802 3408 fervere,
826 3348 1020 3408 ut(d,135.:
1045 3345 1115 3410 Spu-

68 3410 177 3459 nansia
191 3406 305 3476 frena]
321 3435 355 3445 -
392 3413 452 3466 196.
470 3408 503 3458 Et
522 3427 579 3459 non
591 3408 695 3476 felicio
715 3411 785 3474 tela,-
804 3412 903 3479 quibus
920 3429 949 3464 se
968 3412 1115 3482 defendere

66 3477 263 3545 nequiverunt.
281 3504 316 3514 -
352 3481 411 3533 197.
429 3476 595 3529 Mactantur
614 3495 731 3543 corpora
751 3483 850 3539 rnorti3
875 3481 968 3532 autin
985 3491 1117 3551 mortam,

67 3553 116 3597 eut
132 3544 226 3597 Morti
250 3545 259 3595 i
280 3545 303 3596 si
319 3545 395 3597 deae.
429 3544 528 3597 Statius
545 3551 589 3612 (4,
606 3549 693 3610 528.):
717 3549 752 3598 In
778 3552 904 3616 scopulis
928 3549 1031 3617 (Guelf.
1047 3553 1067 3607 l.
1084 3554 1117 3606 V.

68 3614 170 3681 specul.
199 3564 292 3665 Guelf.
317 3616 349 3666 Il.
374 3615 534 3680 speluncis)
559 3614 639 3667 Mors
670 3634 754 3667 sacua
781 3620 862 3668 sedet.
912 3619 1042 3672 Lucanus
1073 3625 1117 3689 (6,

68 3682 155 3744 ml:
181 3682 333 3749 Ipsumque
351 3697 480 3735 vocatam
499 3681 592 3748 Quam
612 3686 650 3751 (V.
669 3686 760 3738 Gualf.
778 3689 810 3738 Il.
835 3705 921 3754 quos,
944 3687 976 3742 L.
1000 3690 1034 3742 R.
1053 3691 1116 3742 Vos.

67 3748 160 3804 Gttelf.
180 3752 204 3803 I.
222 3759 252 3803 ct
270 3753 304 3804 al.
322 3770 410 3819 quern.
437 3751 508 3802 Dein
528 3752 604 3803 codd.
632 3766 744 3804 mortem
765 3757 819 3807 tibi
836 3773 856 3806 s.
875 3758 949 3820 sibi5
967 3758 1000 3810 L.
1018 3759 1051 3810 R.
1071 3774 1115 3809 co·

71 3818 123 3885 gis)
145 3830 225 3887 petat
242 3838 260 3871 a
280 3823 363 3873 nobis
382 3832 495 3873 mortem
515 3822 568 3872 tihi
586 3839 652 3890 coge
672 3823 770 3891 fateri.
809 3824 892 3876 Circa
918 3833 1028 3891 autem,
1051 3825 1116 3878 ideo

76 3886 146 3955 attia,
169 3878 207 3941 ul
220 3888 359 3942 Homerus
377 3889 458 3954 dicit,
481 3889 511 3942 in
534 3899 625 3942 morte
642 3891 762 3945 Patrocli
779 3893 854 3946 circa
878 3911 977 3964 corpus
995 3893 1117 3961 extincti,

72 3960 126 4007 hm
142 3957 275 4010 homines
299 3976 384 4026 quam
408 3974 509 4027 pecora
532 3959 764 4026 immolabantur,
791 3970 822 4012 ut
846 3980 902 4016 uno
926 3963 986 4029 iani
1007 3978 1116 4016 crema·

63 4032 171 4079 ,rentun
210 4024 394 4083 undescota
412 4035 485 4079 sento
504 4027 600 4093 (wllz
620 4028 750 4094 Ossaque
769 4031 838 4082 lecta
857 4034 927 4083 codo
946 4033 1015 4082 texit
1034 4031 1115 4083 Cori·

69 4104 157 4173 ¹preses
174 4090 279 4147 alieno.
315 4096 463 4164 [Homerus
480 4091 509 4147 ἐν
526 4093 563 4163 τῷ
584 4112 617 4166 ψ.
637 4096 720 4165 (170.)
737 4097 774 4151 ad
789 4100 909 4152 Patrocli
930 4116 1044 4171 pyram:
1065 4095 1117 4157 'av
