2430 4620
277 127 311 166 ω
335 105 493 169 vincia.
516 105 677 171 cuono.
700 111 739 183 ι»,
763 62 935 183 ss-sis.
1008 66 1022 105 ”
1062 74 1158 181 aso¹¹

11 287 54 323 Ξ·
79 287 254 341 Peltuiacam
272 278 376 342 lentem
392 290 472 354 dicit,
490 299 520 344 et
535 290 691 362 sicyontm
706 289 823 344 baccam
840 289 955 356 olivam,
971 300 1025 344 non
1044 274 1124 361 qnod·

11 358 51 425 ζ’-Ι
77 355 203 424 Sicyone
222 365 333 421 tanturn
356 367 520 426 nascantur,
552 367 599 414 aut
620 360 720 414 Pelusii
741 359 830 412 solum
858 359 959 424 lentes,
990 369 1017 412 et
1039 362 1117 415 ludia

11 430 36 461 Ε
77 424 183 477 mittat
198 424 282 491 ebur,
299 428 347 481 sed
365 436 393 480 et
408 428 507 482 Africa.
515 448 525 465 ι’
541 429 596 491 Sed
612 430 733 482 maiores
748 427 858 482 suntin
874 429 950 482 India
967 429 1115 498 elephanti.

11 499 40 531 Ε
75 493 187 547 Sabaei
203 495 279 546 natio
296 503 339 547 est
354 496 486 563 Arabiae,
509 513 577 565 quoe
595 499 706 563 molles,
729 496 794 548 vitio
811 498 961 562 sermonis,
985 499 1051 566 quia
1067 517 1114 570 pe·

28 568 35 597 ³
74 578 149 614 rum
171 554 288 616 viriliter
310 559 472 634 loquantur,
493 567 566 617 dicit.
606 567 741 634 Chalybs,
763 566 838 627 natio
861 566 988 631 Pontica,
1011 567 1040 619 iu
1059 584 1114 635 qua

11 636 31 669 Ι
72 638 146 700 eunt
170 630 365 696 lorrilodina'e3
388 633 428 685 ibi
451 643 580 688 aritema
603 636 682 686 nudis
705 636 813 686 ferrum
831 636 979 704 quaeritur.
1012 635 1113 689 Pontus

13 708 26 767 .·'
71 701 138 753 lert
155 706 186 753 et
201 709 324 767 castora,
341 702 388 754 sed
405 718 460 753 non
479 704 565 764 solun
588 703 655 755 fibri
672 703 749 756 enim
764 709 848 761 testes
865 703 918 755 hoc
932 701 1049 756 'nomine
1065 721 1113 774 ap·

11 776 21 810 Ι
113 768 229 821 llantur.
263 769 343 838 Quod
367 771 472 822 animal
494 788 559 822 cum
583 773 669 825 etiam
692 772 722 823 in
746 771 807 823 aliis
829 771 1003 840 regionibus,
1028 788 1113 840 quam

11 847 16 879 ¹
84 856 107 889 n
127 838 216 890 Ponto
233 848 376 905 nascatur,
392 855 449 892 non
465 848 560 893 tamen
576 847 654 894 tanta
670 847 711 894 est
726 840 764 891 ris
779 840 907 905 testium,
924 847 1027 909 quante
1044 841 1116 893 Pon-⁸

69 907 202 957 tinorum
218 905 362 960 librorum.
379 937 413 951 -
448 914 491 967 59.
508 910 644 975 Eliadum
660 917 726 970 etc.;
748 909 964 979 copiosissimam
982 924 1039 961 esse
1056 910 1112 979 pel-

72 974 135 1025 mis
152 975 272 1042 Epirum
289 976 439 1045 significat3
450 995 508 1030 nec
524 986 620 1031 temen
637 978 724 1030 solam
741 993 788 1030 eas
803 979 894 1039 ferre,
908 978 975 1030 dicit
991 977 1067 1031 enim
1085 987 1113 1030 et

71 1044 233 1097 Idumaeas.
268 1045 371 1113 Quaeri
388 1046 473 1111 solet,
501 1063 588 1114 quare
607 1061 744 1115 equarum
767 1048 857 1117 potius
874 1061 959 1127 quam
976 1038 1113 1165 eaprorum'
1204 1058 1211 1077 ⁸

73 1113 162 1164 dicet.
195 1112 256 1182 Ipse
272 1116 412 1166 rationem
428 1115 535 1167 consilii
557 1114 599 1167 sui
617 1116 747 1186 explicat,
772 1129 837 1165 cum
861 1124 901 1166 art
922 1116 951 1167 in
977 1115 995 1167 li
1017 1131 1050 1166 ro
1066 1115 1112 1168 111.

74 1180 160 1251 (49.)ε
184 1179 238 1233 Seu
259 1180 319 1249 quis
336 1183 513 1253 Olympiacae
536 1192 587 1237 etc.
602 1210 639 1255 ··.'
672 1190 716 1242 (52.
732 1181 903 1237 Deucalione
926 1180 1025 1251 putarit
1045 1185 1112 1236 Pro·
1200 1241 1203 1247 ¹

72 1248 186 1301 methei
202 1250 285 1302 luisse
301 1251 404 1317 filium,
427 1260 456 1305 et
472 1252 599 1305 habuisse
614 1253 644 1304 in
661 1251 842 1303 matrimonio
857 1267 980 1304 sororem
999 1259 1109 1320 patrue-
1196 1248 1200 1255 '

69 1317 136 1371 lem
159 1318 311 1386 Pyrrham,
339 1320 497 1389 Epimethei
519 1321 623 1387 tiliam,
652 1322 695 1372 his
718 1321 903 1390 temporibus,
937 1320 1037 1391 quibus
1067 1319 1110 1373 ira

70 1387 165 1452 Iorle,
186 1386 318 1440 inundata
342 1389 475 1456 Graecia,
503 1390 667 1460 cataclysmo
698 1390 819 1460 perdidit
838 1389 992 1441 humanum
1015 1405 1108 1456 genus.

51 1458 56 1467 ⁴
71 1454 134 1525 Qui
150 1470 218 1508 cum
233 1457 331 1526 perlati
348 1467 438 1511 essent
452 1458 482 1510 in
500 1467 624 1512 montem
642 1461 820 1521 Parnassum,
837 1458 914 1508 cuius
930 1466 1039 1509 tantum
1055 1458 1110 1509 duo

53 1523 194 1577 'uertices
210 1526 389 1590 eminebant,
399 1535 431 1577 ut
446 1527 487 1580 ibi
504 1535 574 1580 esset
590 1529 732 1579 oraculum
749 1526 914 1591 Themidos,
929 1527 1110 1591 intraverunt,
1173 1539 1180 1553 ‘

55 1592 237 1659 'adorentes,
259 1595 495 1664 quemadmodum
512 1605 623 1664 possent
638 1595 744 1648 restitui
767 1594 903 1647 homines.
937 1593 1043 1663 Quibus
1066 1611 1110 1647 re·

72 1676 211 1742 spomum
227 1671 284 1729 est,
306 1665 434 1717 iactanda
449 1665 492 1717 his
510 1682 569 1718 esse
583 1664 712 1739 'parentis
734 1680 854 1731 maguae
872 1679 932 1714 osse
950 1671 1013 1730 post
1027 1671 1109 1731 terga

71 1729 233 1799 discinctis,
254 1733 445 1802 capitibusque
468 1733 569 1787 relatis.
607 1734 782 1803 interpretati
805 1739 899 1784 autem
922 1747 987 1783 curn
1011 1737 1110 1796 esseut,

71 1794 186 1852 teriam
203 1810 365 1867 parentem,
389 1817 449 1854 oasa
466 1803 523 1855 eiua
540 1802 658 1874 lapides,
680 1803 806 1854 iecerunt
842 1806 884 1850 ost
898 1815 943 1864 sa,
960 1797 1108 1868 exquibus

71 1867 225 1921 hominum
241 1884 328 1939 genus
343 1878 473 1923 reustum
491 1878 539 1923 est
572 1871 656 1924 Cuius
670 1871 754 1920 etiam
765 1817 877 1921 Ovidius
890 1867 1027 1933 meminit,
1042 1883 1109 1919 cum

71 1936 118 1989 ait
139 1936 272 2003 (Metam.
289 1946 321 2004 1,
337 1943 431 2003 414.):
459 1940 526 1992 lnde
548 1955 634 2009 genus
658 1938 759 1990 durum
781 1952 889 2003 sumus,
911 1936 1107 2007 experiensque

71 2004 223 2074 laborum,
246 2006 282 2058 Et
299 2009 464 2061 docimienta
480 2009 593 2072 damus,
611 2024 665 2088 qua
681 2008 766 2059 aimus
784 2006 890 2073 origine
909 2006 977 2059 nati.
993 2036 1026 2048 -
1060 2008 1105 2062 68.

71 2076 208 2126 Arcturus
226 2083 266 2126 est
282 2076 359 2128 stella
376 2077 406 2128 in
423 2077 511 2131 cauda
526 2077 640 2129 maioris
655 2076 757 2140 Ursae,
779 2091 864 2145 quam
881 2073 983 2127 Graeci
999 2072 1106 2125 Elicem
1153 2108 1158 2116 ·

70 2144 189 2206 vocant3
203 2142 278 2199 dicta
296 2163 312 2197 a
329 2146 417 2197 cauda
435 2153 463 2198 et
479 2162 556 2208 ursa;
579 2140 677 2227 dputes
694 2145 771 2197 enim
788 2144 897 2196 Graece
914 2136 979 2196 tirsa
996 2141 1105 2206 dicitur,
1148 2198 1151 2211 Ι

69 2210 164 2264 muda
179 2208 263 2279 οὖρά,
289 2213 367 2265 cuius
383 2222 448 2266 ortu
463 2214 553 2267 hiems
574 2215 680 2286 incipit.
695 2241 731 2254 ··-
763 2220 808 2271 70.
824 2211 883 2262 Ηίο
899 2220 968 2274 etc.;
990 2208 1106 2281 quidum

49 2281 200 2352 ¹aspirent
215 2282 365 2345 harenam,
390 2284 455 2352 quia
478 2283 606 2345 haerest3
628 2283 674 2334 cui
690 2280 746 2334 scil.
763 2282 926 2356 digammon
944 2280 1105 2333 adiunctum

69 2357 132 2416 eet,
148 2350 223 2418 quod
239 2351 324 2402 etiam
342 2351 466 2415 hauriet,
482 2351 535 2404 hoc
553 2359 608 2419 est,
629 2352 660 2403 in
677 2367 707 2404 se
723 2359 867 2420 receptum
883 2350 1032 2402 humorem
1048 2351 1105 2397 tra·

68 2419 132 2471 hat.
165 2418 253 2470 Huius
275 2420 348 2472 hanc
372 2429 582 2473 essenaturam
604 2427 720 2473 testetur
736 2418 865 2486 Virgilius
885 2417 991 2470 dicens:
1015 2412 1104 2466 Colle-

68 2494 152 2538 ctum
176 2487 324 2540 humorem
349 2488 444 2540 bibula
466 2490 576 2543 deducit
598 2503 691 2540 arena.
723 2486 822 2538 Bibule
843 2488 920 2539 enim
944 2484 1009 2554 quia
1025 2480 1105 2534 bibat
1177 2500 1179 2507 ’

67 2554 183 2608 dicitur.
199 2580 234 2593 —
268 2564 312 2614 73.
329 2556 384 2607 Aut
402 2559 445 2608 ibi
460 2566 525 2619 etc.;
548 2564 661 2628 putant,
684 2571 741 2607 nan
763 2556 855 2607 minus
872 2571 931 2606 esse
955 2552 1051 2603 utilem
1068 2549 1104 2603 ad

67 2624 210 2676 sotionem
232 2625 315 2676 farris
337 2634 452 2695 agrum,
475 2642 506 2680 ex
523 2644 577 2695 quo
600 2626 668 2678 alius
684 2627 787 2679 fructus
809 2623 930 2676 sublatus
947 2620 996 2685 sit,
1018 2634 1105 2688 quam

68 2710 140 2746 eum
157 2693 206 2760 qui
221 2690 324 2745 vicibus
341 2702 482 2747 cessat-
516 2701 560 2754 78.
573 2694 729 2747 Lethaeum
743 2708 871 2745 somnum
888 2690 963 2756 dicit,
979 2704 1014 2742 eo
1030 2685 1114 2757 quod*

69 2762 195 2819 excutiat
216 2763 386 2815 memoriam
408 2765 511 2832 sopitis.
551 2764 641 2817 Lethe
665 2764 742 2816 enim
766 2771 808 2814 est
830 2759 937 2812 oblivio.
982 2757 1019 2809 Pa
1055 2772 1104 2809 ver

69 2828 188 2894 autem,
207 2831 282 2901 quod
305 2831 334 2882 in
357 2841 450 2901 segete
472 2832 608 2887 nascitur.
631 2831 699 2886 facit
712 2845 851 2882 somnum.
867 2859 900 2871 -
937 2775 1103 2907 1023lllsllt

69 2907 141 2962 etc.;
163 2899 253 2969 Mysia
270 2900 346 2952 natio
371 2909 412 2954 est
426 2901 572 2954 coniuncta
589 2900 731 2966 barbaris,
752 2899 916 2969 contingens
932 2896 1104 2975 Adriaticum

69 2968 174 3021 sinum.
206 2968 260 3022 Sed
277 2971 409 3022 etaltera
431 2970 512 3022 huius
534 2971 655 3022 nominis
677 2977 769 3031 terre,
790 2968 883 3019 iuncta
901 2965 1033 3029 Troadis,
1054 2960 1103 3017 eh·

70 3038 186 3106 qnando
201 3037 323 3090 subiecta
340 3040 400 3108 regi
417 3038 556 3108 Telepho,
579 3045 687 3092 etante
704 3035 878 3099 Teuthranti.
910 3032 1038 3103 Gargara
1054 3046 1103 3099 pp-

69 3106 192 3175 pellatur
207 3114 291 3176 caput
306 3107 370 3160 Idae
386 3109 529 3176 Phrygiae.
541 3133 574 3145 ·-
610 3115 672 3165 120.
687 3106 917 3173 Strymoniaeque
928 3112 997 3166 etc.;
1011 3102 1103 3155 dictae
1142 3144 1146 3159 ,

69 3183 138 3227 sunt
159 3193 178 3227 a
200 3173 359 3246 Strymone,
383 3177 519 3231 Thraciae
543 3177 674 3236 flumine.
705 3174 755 3227 ubi
777 3173 898 3227 maxime
921 3190 971 3244 per
986 3177 1103 3233 ,aestmn

70 3251 226 3297 morantur.
243 3271 278 3284 -
313 3250 374 3304 124.
391 3245 449 3298 Nec
466 3257 572 3312 torpere
589 3253 654 3305 etc.;
671 3252 829 3308 veternum,
844 3259 958 3311 gravem
972 3253 1102 3293 somnum

70 3312 168 3365 solunt
189 3312 321 3383 intelligi,
343 3322 512 3386 spectantem
535 3314 570 3366 ad
592 3313 753 3374 interitum3
775 3328 858 3381 quem
883 3310 985 3363 medici
1000 3307 1102 3361 lether·

70 3395 142 3451 gum
165 3390 271 3434 vocant.
294 3409 327 3421 -
369 3387 431 3442 148.
456 3383 525 3434 Cum
552 3385 610 3433 iem
634 3389 700 3443 etc.;
724 3380 822 3434 arbuta
843 3388 907 3432 sunt
932 3375 1103 3438 arbusculae,

71 3449 192 3519 quaein
208 3451 280 3502 silvis
296 3453 457 3519 frequenter
474 3459 635 3516 nascuntur,
658 3468 729 3519 quae
752 3450 875 3520 plerique
901 3448 1039 3500 unedones
1055 3457 1101 3493 vo·

72 3527 146 3572 cant.
187 3519 303 3572 Dodona
328 3520 403 3571 locus
427 3520 584 3584 continens,
610 3536 727 3588 quercus
750 3534 822 3587 quae
846 3517 1018 3579 continetur,
1040 3516 1101 3564 erat

71 3589 155 3642 dicte.
196 3589 246 3639 Est
268 3598 360 3641 autem
384 3589 519 3660 templum
542 3588 688 3642 Dodonaei
709 3589 777 3641 lovis
799 3587 828 3639 in
853 3584 991 3647 Chaonia,
1021 3586 1102 3651 parte

71 3657 161 3729 Epiri,
178 3673 248 3726 quae
265 3656 319 3710 hoc
336 3659 450 3711 nomine
468 3658 629 3728 appelletur.
642 3687 675 3697 -
711 3662 771 3716 163.
790 3655 940 3720 Tardaque
958 3682 970 3696 -
986 3681 999 3694 ·
1017 3650 1099 3716 plau·

72 3740 149 3791 stra,
165 3725 291 3797 imperiti
308 3745 339 3779 ea
357 3727 459 3793 plostra
476 3744 511 3794 ap
532 3727 622 3780 allant.
655 3726 723 3779 Sunt
740 3728 816 3779 enim
832 3721 965 3803 vehiculu,
981 3731 1101 3800 quorum

71 3804 153 3849 rotae
169 3811 226 3849 non
243 3803 306 3847 sunt
322 3796 461 3856 rediatse3
479 3745 536 3863 sed,
553 3804 685 3865 tympana
701 3793 879 3848 cohaerentia
895 3806 948 3855 aar,
963 3795 992 3841 et
1006 3791 1102 3868 turpata

70 3864 175 3919 cantho
200 3865 303 3918 terreo.
336 3863 397 3918 Axis
418 3873 513 3920 autem
529 3880 595 3919 cum
619 3872 681 3919 rota
697 3864 828 3928 volvitur3
849 3875 917 3914 uam
933 3863 1011 3912 rotae
1026 3869 1102 3908 cum
