2430 4620
195 279 224 325 ¹¹
239 269 386 344 urolt.
410 275 583 341 nouato.
604 276 686 339 LIB.
708 276 781 354 XII.
803 282 998 350 tto-131·
1061 280 1113 353 63'

81 118 87 233 l

120 444 211 529 Q
229 469 337 516 uavout
357 469 447 529 tecto,
474 463 585 535 mando
610 463 668 516 eius
691 478 748 516 non
771 472 852 518 erant
872 464 956 520 firma
978 466 1101 525 consilia,

81 536 85 599 ζ
126 514 235 597 &pult
251 539 298 596 post
317 533 346 584 in
363 533 482 603 augurio
504 534 637 585 liberatus
661 549 764 602 cygnus
787 534 818 586 in
841 534 957 588 flavium
975 536 1104 602 concidit,

81 622 84 639 ι
189 589 285 649 Turnum
298 599 404 668 Rutuli,
427 603 495 654 licet
510 614 543 653 ru
564 611 592 652 to
608 603 736 667 foedere,
752 603 873 655 liberare
890 621 946 655 non
964 612 1102 673 poterant.

205 667 279 727 ,huto
292 676 316 720 et
329 671 451 738 Hyginus
473 621 610 723 hocloco
635 672 730 723 dicum
751 671 900 733 lectionem
924 688 983 724 esse
1007 689 1104 727 aorru·

113 734 261 801 mimam
269 736 399 806 Virgilium
415 740 453 790 ita
469 740 613 806 reliquisse
631 739 809 793 confirmant:
830 740 921 792 Veluti
939 742 1016 794 limo.
1050 740 1101 794 Li·

94 806 179 849 'vsus
192 804 260 851 auten
272 813 303 854 est
317 809 409 876 vestis,
432 824 487 875 qua
510 808 546 859 ab
565 807 697 861 umbilico
715 826 802 877 usque
826 811 861 861 ad
885 811 968 878 pedes
990 810 1100 878 [prope]

110 872 230 947 ἥψω
240 871 339 935 pudenda
354 891 507 946 poparum,
532 876 603 928 haec
620 886 714 929 autem
732 879 814 929 vestis
828 878 914 930 habet
930 879 960 930 in
977 888 1100 931 extremo

96 950 162 991 m
176 950 287 1005 purpuram
300 943 410 1009 limam,
434 945 452 996 i.
472 965 495 997 e.
519 945 684 1007 flexuosam,
708 947 781 998 unde
806 955 960 1001 etmomen
984 948 1101 1017 accepit.

113 1004 279 1073 Ratiatum,
297 1012 437 1081 obliquum
459 1013 583 1066 dicimus.
618 1015 696 1066 Unde
712 1022 741 1064 et
756 1014 902 1067 Terentius
920 1016 1007 1083 (Eun.
1026 1025 1058 1083 3,
1075 1024 1101 1083 5,

94 1070 252 1151 Qsslh'fflt't
264 1081 341 1132 aculis
358 1083 441 1148 dicit,
460 1082 481 1134 i.
499 1101 522 1135 e.
542 1082 667 1149 obliquis.
703 1084 737 1132 Et
754 1085 874 1135 verbena
892 1097 1015 1152 tempora
1034 1088 1099 1137 vin·

93 1176 99 1199 .·
121 1143 183 1205 θὶς
196 1143 275 1194 what
289 1152 396 1218 propria
415 1158 456 1203 est
472 1151 560 1202 herba
577 1167 655 1202 sacra
671 1152 727 1216 [ros
745 1153 886 1219 marinus,
909 1161 941 1204 ut
956 1154 1038 1206 multi
1055 1170 1101 1206 vo·

81 1210 97 1293 ζ’
128 1208 240 1289 μὴ.
250 1210 381 1284 λιβανωτός
397 1220 575 1286 Licutagonis
591 1219 615 1286 *]
633 1230 743 1291 sumpta
760 1220 795 1272 de
811 1221 873 1278 loco
890 1238 968 1273 sacro
987 1224 1098 1292 Capito·

81 1300 102 1355 'a
130 1276 164 1331 ltl
181 1289 410 1360 t*coronabantur
434 1288 550 1359 Fetiales
573 1296 602 1340 et
623 1289 828 1360 Paterpatratus
851 1292 964 1345 foedera
988 1294 1098 1357 tacturi,

81 1352 92 1431 t
129 1312 227 1400 veltet
239 1352 354 1410 udictori.
387 1357 503 1409 Abusive
518 1366 615 1410 tamen
631 1358 840 1410 uerbenas-iam
856 1376 985 1412 vocamus
1003 1376 1100 1413 omnes
1172 1407 1175 1419 ,

123 1414 331 1495 fidat-ueratri,
360 1433 392 1477 ut
415 1434 457 1479 est
484 1427 590 1491 laurus,
623 1427 692 1479 oliva
721 1428 764 1480 vel
792 1435 906 1495 myrtus.
952 1430 1099 1483 Terentius

112 1514 120 1559 '.
194 1488 343 1557 ·i.3‚11.)5
365 1496 408 1545 Es
434 1513 487 1545 ara
512 1494 579 1546 hinc
603 1497 738 1546 verbenas
763 1514 850 1546 sume.
883 1498 957 1550 Nam
974 1508 1098 1567 myrtum

168 1606 171 1611 .
198 1552 320 1635 Mtoartler
334 1573 463 1627 testatur,
487 1564 594 1634 dequo
613 1565 758 1623 Terentius
781 1566 928 1618 transtulit.
979 1567 1099 1636 Quidam

186 1629 358 1696 nomimis)
382 1632 502 1701 proximi
525 1632 626 1684 herbas
650 1636 784 1684 verbenas
808 1633 921 1696 dicunt..
977 1636 998 1688 ii
1020 1645 1098 1690 certa

213 1700 372 1754 avertem
397 1701 490 1753 volunt
512 1701 623 1777 vocari]
642 1729 675 1739 -
717 1709 779 1760 121.
795 1701 883 1770 Legio
902 1702 1097 1770 Ausonidum,

87 1819 91 1827 Ι
135 1763 371 1839 ’,Λιιεοηίᾰανυιω
396 1771 470 1839 quod
492 1771 566 1822 veuit
587 1771 623 1822 ab
645 1787 679 1823 eo
704 1772 777 1840 quod
801 1781 841 1823 est
868 1771 914 1822 hic
931 1774 1096 1840 Ausonida-3

180 1830 328 1906 lticauriga.
364 1840 438 1888 Nam
455 1838 581 1890 Ausonis
598 1839 705 1906 generis
728 1839 856 1891 feminini
874 1848 926 1892 est:
949 1842 1022 1894 unde
1039 1845 1096 1892 Au·
1165 1878 1168 1883 -
1203 1822 1207 1898 Ι,

81 1914 86 1973 ᾗ
124 1902 214 1959 *tium
227 1905 299 1972 facit,
321 1908 395 1977 quod
412 1915 443 1957 ut
460 1908 577 1972 diceret,
599 1909 684 1960 metri
700 1916 741 1960 est
757 1909 918 1961 necessitate
934 1912 1098 1981 compulsus.
1191 1912 1192 1916 ’

161 1984 232 2038 taque
248 1979 351 2042 plenis,-
368 1977 421 2027 hoc
439 1984 481 2029 est
496 1977 565 2041 pilis
584 1990 702 2028 armato.
737 1976 856 2045 Quidam
873 1979 1004 2030 hocloco
1021 1982 1096 2050 pila-

136 2046 236 2111 apmina
252 2062 306 2096 non
321 2064 338 2097 a
354 2061 456 2113 genere
469 2043 609 2096 hastarum
623 2046 744 2112 positum
754 2047 892 2098 adserunt.
926 2047 1000 2099 Nam
1014 2051 1096 2118 paulo
1159 2056 1177 2077 ““

152 2111 251 2164 dictum
265 2114 400 2179 inferunt,
418 2113 548 2182 defigunt
564 2116 663 2166 tellure
681 2114 794 2164 hastos.-
818 2116 866 2167 sed
880 2117 988 2183 pilata,
1004 2120 1098 2185 densa,

117 2180 123 2195 '
181 2189 210 2232 ut
224 2182 338 2254 implere
355 2189 448 2250 portas
462 2182 614 2252 potuerint,
631 2192 660 2235 et
676 2191 770 2253 postea
786 2200 815 2236 se
831 2184 861 2235 in
878 2184 938 2236 loca
955 2187 1097 2254 apertiora

175 2248 232 2303 ere.
263 2253 316 2304 Alii
338 2253 459 2320 pilatum
485 2269 586 2318 agmen
609 2251 705 2303 dicunt
721 2251 793 2320 quod
815 2251 847 2303 in
868 2253 1040 2322 longitudine
1057 2256 1098 2307 di·
1152 2252 1157 2275 ³

81 2328 174 2373 nomm
195 2327 252 2384 est,
267 2321 355 2388 'quale
371 2321 440 2372 solet
456 2336 514 2372 essa
530 2336 596 2372 cum
618 2321 705 2391 portis
728 2321 860 2389 procedit.
894 2323 944 2374 Vel
959 2333 1035 2376 certe
1053 2328 1096 2391 pi-

81 2389 138 2456 lae,
155 2388 207 2441 ttxa
226 2395 255 2441 et
270 2390 393 2455 stabilia,
416 2386 461 2443 vel
471 2391 584 2457 opilo,
607 2389 680 2457 quod
697 2389 771 2456 figit,
788 2390 831 2441 vel
847 2408 864 2442 a
880 2393 942 2459 pila
961 2396 1096 2460 structili,

81 2474 132 2512 me
148 2459 202 2510 lixa
220 2466 262 2509 eat
278 2467 305 2510 et
321 2465 433 2519 manet3
455 2460 525 2511 nam
548 2466 578 2510 et
594 2458 697 2510 Graeci
717 2473 762 2508 res
784 2457 881 2512 densas
905 2468 933 2512 et
949 2469 1022 2531 artas
1045 2479 1096 2515 πι-

81 2525 127 2583 a'ea
145 2527 251 2579 dicunt.
286 2528 390 2579 Ennius
407 2525 567 2595 Satyrorum
583 2528 629 2579 IL:
657 2527 833 2592 contemplor
852 2530 916 2578 inde
935 2532 991 2581 loci
1009 2533 1095 2597 tiqui.
1137 2535 1140 2542 '

81 2617 110 2652 ae
125 2599 292 2667 pilatosque
316 2595 435 2647 aetheris
455 2614 534 2659 oras,
558 2612 623 2646 cum
639 2597 732 2646 lirmas
750 2604 778 2646 et
792 2596 903 2648 stabiles
920 2599 1096 2666 significaret,

81 2688 84 2719 :
136 2666 355 2739 asipilislultas.
388 2664 510 2717 Hostius
524 2667 566 2730 (ot.
582 2666 706 2717 Macrob.
722 2672 749 2728 6,
766 2673 790 2722 3.
808 2671 832 2722 5.
850 2666 920 2717 Feat.
936 2669 987 2719 sub
999 2669 1096 2732 Tesca)

81 2758 89 2779 ι
111 2740 119 2751 '
136 2737 267 2788 Histrici
283 2736 390 2804 primo,
414 2731 536 2785 Percutit
554 2745 635 2799 atque
653 2734 762 2786 hastam
780 2737 876 2803 pilans
892 2755 959 2802 prae
976 2741 1095 2804 pondere
1140 2736 1155 2747 ‘

81 2810 176 2874 angit.
223 2802 329 2868 Pilans,
352 2804 370 2856 i.
395 2821 419 2857 a.
443 2803 537 2871 figens.
571 2801 662 2854 Idem:
685 2805 827 2854 Sententia
851 2819 961 2870 praesto
986 2821 1095 2872 pectore

81 2876 162 2939 iata,
185 2874 207 2924 i.
227 2891 250 2924 e.
268 2873 330 2927 tina.
365 2873 463 2924 Asellio
487 2872 665 2928 historiarum
690 2876 821 2933 tritarum
844 2874 1095 2938 (alhiss.111.;v.

81 2944 174 3004 πως
204 2940 349 3007 Quartum
374 2944 489 3008 siguum
514 2941 660 2992 accedebat
683 2945 742 2992 sive
759 2944 885 3010 pilatim,
909 2948 968 2995 sive
985 2947 1094 3011 passim

81 3030 104 3064 er
123 3012 230 3082 jacere
253 3011 372 3060 volebat.
414 3009 530 3060 Scaurus
555 3010 590 3061 de
613 3009 667 3060 vita
691 3028 754 3061 ssia:
783 3011 820 3060 In
844 3030 945 3077 agrum
969 3013 1094 3065 hostium
1175 3068 1180 3073 ,

81 3084 133 3144 mi,
145 3081 278 3147 ,pilatim
296 3080 448 3129 exercitum
466 3079 553 3142 duxi,
575 3078 593 3129 i.
611 3096 633 3129 e.
653 3080 770 3130 strictim
788 3088 816 3132 et
832 3080 931 3145 deuse,
954 3100 1021 3134 uam
1046 3084 1094 3135 uhi

81 3151 167 3218 :oprie
194 3149 233 3199 de
249 3165 352 3216 genere
375 3148 469 3198 hastae
492 3147 628 3214 loquitur,
653 3148 705 3199 ait:
730 3149 791 3199 Pila
817 3167 918 3217 rnanu,
940 3170 1094 3218 saevosque

81 3229 154 3269 irunt
172 3220 209 3268 in
228 3218 301 3267 betta
319 3218 442 3267 dolones.
477 3217 562 3266 Varro
580 3233 676 3267 rerum
693 3217 895 3286 humanarum,
917 3221 971 3272 duo
990 3238 1095 3287 genera

81 3288 203 3355 {minum
221 3284 304 3336 dicit:
326 3284 520 3352 Quadratum,
544 3287 618 3348 quod
638 3288 776 3337 immistis
794 3290 878 3338 etiam
897 3292 1031 3341 iumentis
1051 3294 1095 3342 in-

81 3357 140 3419 ute,
164 3368 199 3404 ut
219 3356 316 3404 ubivis
332 3358 422 3422 possit
440 3354 593 3405 considere.
629 3353 751 3407 Pilatum
776 3358 908 3423 alterum,
932 3362 1006 3424 quod
1031 3362 1094 3410 sine

81 3428 190 3475 ementis
219 3425 339 3487 incedit,
369 3425 416 3473 sed
443 3427 516 3474 inter
541 3440 570 3472 se
595 3424 712 3472 densum
735 3438 789 3488 est,
821 3445 874 3493 quo
894 3427 1020 3495 facilius
1044 3447 1094 3495 per
1123 3439 1125 3442 '

81 3494 207 3559 tiqut'o'ra
226 3494 289 3542 loca
308 3494 500 3560 tramittatur]
519 3515 552 3525 --
594 3497 654 3546 123.
675 3492 759 3555 Ruit,
785 3511 849 3544 cum
873 3496 982 3562 impetu
1005 3497 1092 3548 venit:

81 3563 128 3612 uod
152 3562 230 3630 apud
249 3561 371 3612 Graecos
389 3570 430 3612 est
452 3555 643 3628 [ialaipanoea.
679 3561 806 3628 [Variis,·
831 3565 896 3631 quia
919 3564 988 3615 alius
1012 3563 1091 3615 Trai»

81 3646 117 3694 ts,
132 3631 204 3681 alius
222 3631 396 3696 Tyrrhenum
420 3641 467 3682 aut
483 3633 543 3696 ipse
562 3628 725 3695 Tyrrhenus
744 3635 859 3696 varius,
876 3633 940 3700 quia
957 3635 991 3683 de
1010 3634 1091 3683 variis

81 3699 181 3750 ratibus
208 3698 385 3763 Tuscorum]
401 3727 435 3735 -
481 3704 541 3754 124.
566 3699 701 3748 instructi
721 3700 817 3768 ferro:
842 3701 915 3752 hona
938 3700 1092 3769 [pro]ueco-

81 3768 160 3832 omia,
195 3775 223 3818 et
248 3767 290 3817 rei
313 3770 424 3818 futurae
446 3767 638 3837 praeparatio,
669 3770 756 3837 ruptis
781 3769 858 3820 enim
879 3769 1036 3823 foederibus
1060 3770 1089 3820 in

81 3835 125 3887 ello
139 3836 328 3888 descendent:
346 3836 423 3904 [quia
439 3852 549 3888 necesse
566 3852 620 3885 non
639 3844 699 3886 erat
715 3839 820 3888 armari
838 3855 946 3900 omnes,
962 3837 1024 3887 solis
1041 3837 1090 3887 du-

81 3902 128 3956 lbos
144 3905 345 3974 pugnantibus.
361 3932 396 3940 -
433 3911 492 3961 127.
513 3905 630 3968 Aestas,-
655 3904 801 3956 Etruscum
818 3904 942 3968 nomem]
958 3932 992 3941 -
1027 3909 1088 3960 131.

81 3969 162 4042 'ugos
183 3977 343 4038 inermum,
366 3991 463 4024 senum
488 3973 591 4022 scilicet
615 3987 647 4022 ao
670 3981 808 4038 matrum,
831 3975 900 4025 siout
916 3975 976 4038 ipse
991 3971 1087 4039 [com]

81 4043 231 4110 umoravit,
256 4044 296 4111 [et
318 4042 432 4112 quidam
449 4042 542 4093 volunt
564 4040 626 4092 ideo
644 4039 689 4093 lu'c
707 4050 830 4095 matrum
847 4045 951 4096 factam
968 4041 1087 4095 mentio·
