2430 4620
126 254 169 321 to
392 250 532 317 smvn
554 252 912 320 COMMENTARIUS
950 254 953 261 '

127 435 252 495 demusin
268 435 428 490 novissime:
445 438 463 490 i.
477 456 501 492 e.
520 445 665 511 postquam
682 439 767 492 fuerit
782 439 894 492 ndnere
910 438 1056 492 lacessitus.
1090 439 1169 492 Haec

58 494 64 516 ¹
127 504 202 557 eninr
221 506 334 557 leonum
350 515 449 561 natura
467 516 523 575 est,
546 517 577 559 ut
593 510 645 559 nisi
669 510 785 561 lacessiti
810 510 894 561 irasci
917 515 1065 578 nequeant.
1100 508 1165 561 Mo-

127 585 171 626 vet
188 573 307 644 [autem]
325 593 420 635 arma;
443 579 513 628 vires
536 592 598 629 suat
621 580 768 645 experitur.
800 578 873 630 Nam
890 594 970 629 arma
993 583 1057 627 sunt
1074 577 1167 629 unius·

126 643 259 711 coituque
275 643 319 695 rei
336 646 508 712 possibilitas.
543 645 619 697 Unde
637 656 678 698 est
694 647 810 710 (2,99.):
828 648 863 698 Es
881 664 1011 714 quaerere
1031 648 1165 696 conscias

129 729 225 762 armas
250 711 268 763 i.
288 728 312 766 e.
328 714 412 765 dolos.
448 715 507 780 [Est
523 722 616 765 autem
635 728 723 767 inovet
741 732 836 781 arena,
859 717 944 766 etiam
966 714 1111 766 translatio
1128 712 1164 766 ab

127 778 301 843 horninibus,
324 783 371 850 qui
389 798 454 834 cum
470 781 581 835 hostem
624 791 701 834 ctunt
724 799 804 837 arma
821 800 932 835 moverc
949 783 1088 835 dicsmtur.
1123 781 1167 835 Sic
1197 808 1207 831 .-

127 848 194 900 alibi
212 848 257 915 (G.
276 857 308 914 3,
325 853 399 912 236.)
422 850 456 901 de
480 859 575 902 tauro:
598 801 687 918 riigna
707 865 809 917 movet,
832 868 1016 922 praecepsque
1044 851 1167 902 oblitum
1191 886 1207 901 .

123 917 270 987 jenunia
288 917 401 970 hostem.
439 917 616 987 Gaudetqne;
642 936 689 990 spe
713 921 837 985 albania
862 931 890 972 ct
913 921 1030 973 dicendo
1054 921 1207 1002 gaudet,3

128 986 301 1038 alacritatem
318 987 402 1041 voluit
417 988 504 1038 leonis
522 989 677 1057 exprimere
699 990 792 1057 gaudii
811 990 904 1042 verbo.
939 990 1073 1041 Ceterum
1098 988 1207 1042 nulls-1

127 1055 268 1119 terarum,
292 1055 333 1106 vol
356 1057 495 1123 pecudum
519 1056 570 1108 iste
592 1073 685 1108 sensus
711 1058 866 1124 adponitur.
884 1084 918 1095 -
958 1067 985 1114 7.
1008 1056 1207 1109 Excutiens:

130 1125 235 1175 cervice
266 1135 358 1191 toros;
390 1126 496 1177 cervice
524 1129 676 1191 excutiens,
704 1144 742 1177 an
764 1142 833 1194 quos
856 1128 886 1178 in
909 1127 1015 1177 cervice
1043 1122 1205 1193 babetl1

128 1190 281 1250 Latronis3
305 1193 482 1260 [insidiatoris
506 1208 523 1242 a
547 1196 675 1245 latendo.-
699 1193 759 1259 sed]
784 1196 868 1246 modo
894 1195 1045 1255 venatori83
1070 1203 1103 1246 et
1126 1200 1205 1246 est!

128 1260 285 1321 Graecum,
316 1279 381 1312 narn
406 1258 544 1329 inepriata
567 1264 663 1314 dicunt
686 1265 815 1328 absequi,
847 1273 876 1316 et
906 1267 1010 1314 servire
1036 1262 1207 1315 mercede-a

128 1329 206 1380 Unde
224 1330 349 1380 latrones
368 1346 498 1381 vocarant
514 1330 642 1383 conducti
659 1333 768 1384 milites.
802 1333 890 1383 Moris
914 1341 1009 1384 autern
1035 1340 1115 1398 crat,
1137 1336 1207 1384 tm

115 1394 177 1447 'bos
196 1399 349 1468 imperator
367 1405 396 1450 et
418 1399 493 1450 circa
514 1415 544 1451 se
566 1398 699 1465 haberet,
722 1408 750 1451 et
766 1399 834 1466 [eos]
852 1401 958 1467 primos
982 1401 1115 1452 mitteret
1130 1398 1207 1455 a&

129 1480 212 1517 onina
237 1467 393 1519 discrimen.
428 1467 505 1519 Unde
530 1484 603 1519 nunc
622 1469 702 1533 dicit,
725 1469 838 1519 latronis
863 1469 917 1521 telo
942 1468 1026 1521 suum
1045 1469 1207 1535 leonemgn

149 1534 193 1587 uia
211 1535 296 1587 etiam
311 1542 454 1587 retiatores
472 1553 569 1605 operas
586 1553 647 1587 suas
662 1537 755 1589 locare
772 1544 976 1589 consueverant.
1010 1536 1067 1604 [Sic
1079 1537 1207 1591 etiam

127 1551 193 1654 iteri
230 1603 258 1655 ui
275 1603 349 1656 circa
367 1620 460 1655 (aveas
477 1613 554 1670 sunt,
570 1605 644 1673 qaod
661 1613 692 1655 ut
707 1605 809 1658 milites
825 1613 910 1669 stent,
926 1622 992 1656 cnm
1009 1609 1104 1671 ferro,

126 1621 333 1738 qrrodiateant
351 1673 385 1724 ad
409 1673 521 1726 insidias
544 1674 697 1726 iaciendas:
724 1675 800 1741 Ergo
818 1690 850 1725 ex
867 1676 966 1727 eadem
983 1674 1082 1725 similit
1123 1674 1131 1685 '
1204 1678 1207 1683 '

127 1741 280 1805 latronem,
305 1741 349 1792 hic
367 1749 527 1795 venatorem
544 1743 754 1811 accipiendum,
778 1742 843 1809 qriia
867 1751 895 1793 ct
911 1741 1020 1794 obsidet
1037 1743 1123 1794 saltus
1139 1752 1207 1796 ete

125 1825 191 1862 cnm
221 1812 298 1862 ferro
323 1818 371 1867 est.
412 1810 481 1863 Sane
506 1812 644 1864 latronem
667 1819 843 1875 venatorem,
873 1813 936 1880 quis
966 1819 1032 1863 ante
1056 1808 1151 1863 bunc?
1182 1814 1207 1837 ⁶

126 1880 214 1930 Varro
237 1887 333 1932 ternen
357 1879 438 1943 dicit,
469 1880 523 1931 hoc
552 1895 656 1934 nomen
685 1895 764 1952 posse
789 1879 896 1935 habere
920 1880 1006 1933 etiam
1030 1879 1207 1933 Latinam

123 1948 338 2015 etymologiam,
353 1955 385 1998 ut
402 1949 527 2001 latrones
544 1947 611 2002 dicti
627 1951 696 2014 sint,
720 1948 800 2018 quasi
817 1950 971 2000 lateranas:
996 1950 1073 2017 quod
1090 1948 1207 2001 cira-

125 2018 214 2070 latera
243 2032 343 2084 regum
373 2025 449 2080 sunt,
478 2032 546 2087 quos
562 2028 643 2069 nunc
668 2018 802 2069 satellites
835 2026 939 2069 vocant.
983 2017 1044 2070 Una
1068 2025 1192 2071 tamen

63 2108 67 2115 ·
124 2086 302 2151 significatio,
319 2085 384 2136 licet
399 2086 429 2137 in
446 2085 554 2137 diversa
571 2085 746 2156 etymologia.
779 2086 888 2137 Plautus
905 2087 935 2139 in
951 2085 1172 2156 Pyrgopolinio·

39 2172 42 2185 ·
126 2160 223 2221 aperte
240 2153 373 2217 ostendit,
396 2153 462 2220 quid
485 2154 540 2205 sint
554 2154 696 2218 latrones,
719 2153 812 2206 dicans
836 2154 905 2220 (Mil
925 2155 1091 2220 1,1,75.):
1116 2152 1172 2206 Mo

124 2222 323 2277 RexSeleucus
336 2224 414 2273 misit
427 2222 464 2272 ad
477 2224 674 2274 conducendos
688 2223 812 2274 latrones
826 2223 889 2287 (Ala
906 2222 982 2274 Nam
997 2241 1046 2273 res
1053 2223 1108 2276 sel.
1121 2238 1165 2275 nu

125 2309 204 2358 opere
228 2293 481 2358 oravitlmarcimm
507 2303 538 2342 ut
561 2293 589 2343 ei
612 2291 832 2343 adccnducerem
851 2293 976 2343 latrones
994 2303 1020 2342 et
1037 2292 1160 2343 conscri-

124 2360 232 2420 berem).
258 2361 356 2429 Ι[Ιιίιειιι
378 2361 408 2411 in
430 2359 614 2412 Bacchidibus
636 2368 775 2412 exsecutus
799 2368 853 2425 est,
877 2361 999 2413 militem
1024 2358 1159 2412 latronem
1185 2416 1207 2431 ν

123 2430 233 2484 dicens:
249 2428 336 2481 Suam
354 2431 405 2497 qui
423 2446 495 2480 auro
512 2431 601 2481 vitam
620 2427 765 2493 venditat]
783 2455 817 2465 —
851 2435 876 2484 8.
895 2429 1061 2496 impavidus
1074 2429 1183 2498 fram.

122 2501 165 2569 git
183 2499 284 2563 telum;
302 2497 431 2549 Lucanus
448 2503 490 2564 (1,
507 2498 596 2560 212.):
616 2496 665 2548 Per
677 2497 791 2566 ferrum
809 2500 883 2547 tanti
901 2515 1020 2549 securus
1035 2498 1160 2549 vulneris
1187 2512 1195 2561 J

122 2569 189 2621 exit.
223 2567 248 2618 F
248 2571 330 2621 serait
344 2584 390 2618 ore
405 2579 533 2626 cruenta;
545 2567 655 2635 fremit,
670 2567 735 2619 licet
752 2583 781 2616 os
798 2567 901 2617 habeat
918 2583 967 2617 suo
984 2583 1085 2618 cruore
1089 2583 1160 2685 Ipsit-
1187 2576 1191 2583 “

122 2637 224 2690 imum.
266 2634 337 2689 Sane
359 2635 420 2704 ipsa
443 2637 616 2703 comparatio
638 2635 742 2687 exitum
765 2636 885 2688 ostendit
913 2636 1048 2686 futurum.
1116 2650 1160 2687 sm
1191 2630 1198 2645 ’

121 2706 208 2760 etlam
218 2704 330 2757 Turnus
345 2710 410 2755 stret
426 2704 456 2756 in
472 2711 594 2756 mortem
611 2703 756 2757 ferocitate
773 2703 940 2773 compulsus:
958 2705 997 2755 sic
1013 2703 1045 2756 in
1061 2710 1160 2773 quarto
1180 2744 1197 2775 3

58 2793 63 2809 ¹
121 2774 186 2840 (69.)
210 2774 316 2828 indicat
335 2773 463 2827 futurum
488 2773 604 2842 reginae
628 2772 747 2837 exitum,
771 2772 879 2826 dicens:
933 2775 1010 2827 aulis
1036 2775 1161 2843 coniecto
1206 2784 1207 2791 ’

122 2859 203 2895 cerva
222 2845 337 2913 sagitta.
354 2866 387 2880 ·-
424 2846 449 2898 9.
468 2839 587 2904 Glisciv,
605 2841 718 2906 crescit,
740 2843 782 2910 [et
797 2841 942 2905 latenter,
964 2841 1039 2894 unda
1063 2849 1092 2893 et
1108 2842 1162 2909 gli·
1187 2840 1201 2891 .'·

123 2930 166 2965 res
184 2911 252 2966 dicti
268 2918 347 2976 sunt,
370 2926 438 2980 quos
455 2909 571 2981 pingues
588 2909 673 2963 efficit
688 2925 812 2961 somnus.
845 2911 968 2977 [Veteres
985 2911 1099 2978 gliscis,
1121 2914 1164 2961 in·
1193 2912 1207 2982 a

120 2989 266 3035 cremento
283 2980 355 3048 ignis
372 2979 522 3049 ponebant,
539 2979 611 3032 bene
627 2993 695 3048 ergo
711 2978 764 3030 hoc
778 2977 862 3029 verbo
879 2978 966 3030 utitur
980 2982 1015 3034 de
1034 2994 1092 3047 quo
1107 2979 1161 3031 aits
1198 2990 1207 3015 '-

123 3048 202 3102 Ultro
227 3049 421 3115 implacabilis
440 3045 536 3113 ardet]
555 3075 589 3086 -
626 3052 668 3104 10.
688 3045 849 3111 Turbidus,-
872 3047 970 3117 plenus
993 3047 1111 3102 terroris
1133 3044 1205 3119 eti

67 3168 71 3175 .
119 3118 345 3192 perturbationis.
379 3117 452 3169 Sane
475 3116 630 3170 notandum
648 3113 771 3184 affatur,
792 3123 876 3183 atque
901 3117 932 3168 in
958 3128 977 3168 s.
1011 3117 1088 3168 Nam
1110 3116 1161 3170 ia·
1195 3130 1205 3151 ¹

68 3221 71 3225 -
119 3187 192 3242 ratio
211 3195 266 3252 est,
289 3201 345 3256 qua
360 3185 523 3252 frequenter
541 3193 582 3237 est
600 3199 675 3236 usus:
699 3183 764 3236 licet
780 3183 905 3235 nonnulli
944 3183 1031 3250 'cant,
1052 3192 1163 3253 tempe·
1182 3191 1207 3229 -22

118 3273 183 3310 rare
207 3257 261 3308 hoc
284 3255 481 3317 interpositam
504 3253 746 3315 coniunctionem;
771 3252 810 3318 [et
833 3251 879 3303 bic
903 3253 1032 3306 habitum
1049 3255 1166 3311 l'uturaa.
1201 3266 1207 3280 ’

119 3325 253 3378 orationis
271 3323 397 3377 ostendit.
416 3349 449 3360 -
485 3326 528 3380 11.
547 3321 636 3374 Nulla
656 3338 735 3371 mara
755 3322 785 3372 in
806 3319 918 3382 Turno,
941 3321 1001 3390 plus
1023 3329 1066 3375 est
1085 3321 1158 3373 Tur·
1200 3336 1207 3359 ··

120 3411 173 3459 no,
191 3409 276 3462 qraam
293 3392 316 3443 si
335 3395 367 3443 in
386 3409 428 3442 me
445 3391 570 3455 dixisset,
588 3397 618 3440 ut
635 3395 672 3457 (1,
687 3389 755 3449 48.)ε
774 3387 934 3455 Quisquam
952 3407 1058 3443 numen
1075 3391 1175 3445 Iuna-
1198 3394 1207 3431 ²=

119 3465 166 3516 nis
182 3464 278 3515 adoret
291 3460 443 3514 Praeterea.
478 3461 514 3511 Et
535 3459 639 3512 bonum
660 3458 830 3532 principium
843 3458 900 3510 eius
915 3459 963 3526 qui
975 3458 1165 3530 suspicionem
1187 3468 1207 3527 f

116 3531 274 3584 timiditatis
291 3527 447 3596 inciderat]
481 3527 658 3591 narrassem,
683 3533 810 3597 repetent
832 3534 861 3578 et
883 3527 1029 3580 revolvant.
1045 3554 1082 3567 -
1118 3533 1163 3587 12.

82 3622 85 3627 ·
117 3600 234 3671 [Ignavi
252 3600 417 3663 Aeneadae,-
446 3603 496 3648 aut
519 3595 664 3648 Aeneadae
688 3611 738 3665 pro
763 3597 887 3661 Aeneas,
910 3595 985 3648 aliud
1009 3613 1061 3666 pro
1087 3596 1165 3653 aliud
1188 3610 1206 3644 .'

116 3669 294 3739 significavit3
324 3675 372 3719 erit
402 3665 565 3729 Aeneadae,
595 3680 652 3716 non
677 3667 798 3729 Aeneas,
828 3663 906 3736 quasi
935 3673 1032 3717 contra
1061 3680 1175 3720 omnes·
1204 3680 1207 3705 2

117 3735 309 3809 pugnaturae]
326 3762 361 3773 -
397 3742 439 3794 13.
459 3733 649 3801 congredior:
674 3732 842 3851 phypacrisis
859 3739 912 3796 est,
936 3732 1110 3803 exprimatur
1133 3733 1164 3789 id
1205 3747 1207 3751 “

117 3807 192 3875 quod
213 3805 353 3874 flagitatis.
387 3802 443 3868 Sic]
459 3802 559 3855 Statius
577 3801 625 3854 ubi
640 3803 677 3853 Po
691 3800 779 3854 'niceo
797 3801 909 3870 oblique
925 3800 1032 3854 inducit
1047 3802 1164 3872 loquen·
1205 3816 1207 3845 2

116 3883 175 3930 tem
194 3883 238 3942 (3,
255 3875 346 3936 376.):
374 3872 440 3925 Nan
460 3889 501 3922 me
522 3871 610 3922 ullius
628 3871 730 3921 domus
748 3871 837 3920 anaia
857 3871 962 3937 culpet,
978 3868 1164 3939 Expectentos
1194 3934 1197 3939 Ι

116 3957 209 3997 truces
236 3945 350 4012 obliquo
377 3942 484 3994 lamine
512 3942 582 3991 nati.
627 3937 704 3989 bnde
730 3938 815 3991 ctiam
838 3954 922 4005 supra
945 3938 1105 4010 aitpoeta:
1129 3940 1164 3991 Se

117 4016 233 4083 signari
251 4013 352 4066 aculis.
388 4010 522 4081 [Quidam
538 4024 604 4061 sane
622 4024 639 4060 a
658 4008 739 4061 nulla
758 4025 837 4061 mora
856 4008 888 4060 in
907 4005 1006 4063 Turno
1024 4024 1111 4079 usque
1129 4009 1166 4062 ad
1205 4018 1207 4029 '
