2430 4620
52 296 88 334 a
118 271 276 333 maort.
298 270 455 347 rocoa.
477 265 513 345 a
534 277 584 340 14.
609 302 648 317 -
674 272 836 370 croac.
858 275 888 347 1,
913 236 987 344 trs.
1029 213 1102 355 327²,
1149 242 1160 252 ’

54 457 158 510 melius
175 457 303 509 vivimus.
337 457 373 508 Ur
395 458 470 510 idem
487 457 1019 528 Terent··(Phonm1‚1,9.):·Quod
1042 461 1092 513 uir
1144 496 1147 507 ·

55 529 89 579 de
109 528 240 578 demenso
256 544 310 591 ,suo
329 544 412 577 suum
431 527 588 605 defrudans
604 531 728 596 genium.
1048 522 1050 531 ¹
1148 528 1150 532 ’

25 632 28 637 -
128 594 187 646 Ecl.
206 601 231 660 6,
250 600 291 652 tlt.
309 595 434 667 Silenum
452 599 550 664 pueri,-
568 605 632 666 apte
649 612 797 669 personam
814 596 897 653 Sileni
913 597 1020 663 inducit
1037 588 1091 649 dia·

53 672 218 736 putantem,
241 681 325 732 quem
349 664 434 716 choro
452 665 550 718 Liberi
571 667 657 737 patris
682 669 849 735 magistrum
873 666 1020 731 adhibent,
1041 665 1092 735 qui

54 734 143 854 clipro
161 733 277 784 modum
296 733 428 787 adhibere
445 735 552 802 possit:
569 734 642 787 unde
666 744 696 788 et
711 735 872 790 ioculariter
887 735 929 789 illi
945 735 1037 815 ferula
1049 743 1094 790 ate
1168 754 1171 763 ·

53 811 91 854 tn
113 811 170 854 uta.
507 850 511 866 ,

123 871 185 922 Ecl.
207 879 239 937 7,
263 876 309 929 26.
331 871 398 924 Tibi
422 872 506 922 Delia
530 889 652 941 parvus,·
677 871 719 924 vel
740 889 829 945 puer,
849 873 892 926 vel
912 888 1033 943 pauper,
1059 877 1091 922 ut

10 960 12 965 ’
51 940 186 1017 Ηοτιΐίιιε1
197 940 298 1009 ’(Ερίεῒ.
317 948 348 1004 1,
366 949 396 1006 3,
415 940 484 1003 28.)τ
509 939 595 992 Parvi
611 959 789 1008 properemus
806 953 833 992 at
850 944 954 1007 ampli,
970 943 989 993 i.
1006 959 1031 994 a.
1048 939 1090 992 di·

52 1009 130 1061 vites.
148 1041 181 1050 -
218 1015 261 1067 51.
277 1008 347 1060 Levi
366 1012 649 1076 remuneratura,
666 1010 755 1063 solent
771 1010 846 1065 enim
862 1004 1027 1083 plerumque
1045 1024 1091 1063 ca·

53 1085 119 1149 put,
135 1077 180 1130 vel
194 1078 308 1130 thoraca
326 1081 426 1132 facere.
1010 1134 1014 1139 ,
1041 1092 1049 1105 ·’
1185 1136 1188 1141 4

124 1146 291 1212 Ecl.8,10.
315 1148 381 1199 Sola
400 1157 465 1210 etc.;
488 1147 613 1199 Asinium
637 1148 789 1201 Pollionem
813 1147 943 1215 intelligit
966 1146 1090 1213 Tragoe-

56 1216 167 1268 diarum
189 1216 370 1284 scriptorem,
394 1226 442 1268 aut
457 1215 586 1282 Varium,
608 1217 685 1268 cuius
702 1225 774 1269 extat
792 1218 922 1286 Thyeste's
938 1213 1091 1283 tragoedii,

57 1285 186 1339 omuibus
204 1284 327 1352 Tragia-is
343 1286 532 1353 praeferenda.
551 1312 584 1322 -
625 1294 668 1344 32.
687 1278 827 1355 O'digna¹
839 1287 990 1338 coniuncta
1009 1284 1089 1349 viras

53 1356 89 1408 in
103 1362 228 1407 amatore
246 1356 300 1406 tria
318 1356 512 1424 requiruntur,
535 1363 566 1406 ut
582 1357 718 1407 formosus
735 1357 784 1420 sit,
805 1354 844 1406 'ut
856 1355 944 1419 dives,
968 1362 998 1403 ut
1015 1352 1088 1404 bene

51 1431 175 1477 cantans.
193 1451 225 1459 —
262 1433 304 1480 77.
323 1424 406 1474 u'eca
422 1426 524 1485 tribus
547 1426 655 1486 modis,-
679 1431 803 1476 metrum
828 1422 1036 1494 anapaesticum
1057 1421 1088 1473 in
1109 1448 1111 1453 ·

47 1494 192 1546 honorem
217 1492 359 1561 Cupidinis
391 1493 491 1547 dicitur
521 1500 720 1544 consecratum.
743 1519 778 1532 -·
827 1498 891 1551 109.¹
919 1490 1027 1543 Parcite
1051 1490 1087 1541 ab

51 1563 140 1626 urim
163 1568 222 1611 non
239 1561 331 1613 desine
349 1563 428 1626 dixit,
445 1563 509 1630 quia
527 1563 575 1630 qui
590 1561 704 1628 desinit,
720 1560 807 1615 linem
821 1561 903 1614 tacit:
925 1560 974 1630 qui
990 1559 1090 1630 parcit,

48 1629 194 1703 suspendit
210 1628 239 1700 id
256 1632 328 1701 quod
341 1631 454 1698 agebat.
488 1640 513 1681 t·-
1085 1638 1088 1647 '

120 1698 182 1751 EcL
199 1703 231 1764 9,
249 1702 293 1759 35.
316 1699 373 1751 Nec
391 1698 594 1752 dicera'Cinna
620 1701 726 1766 digna,
750 1699 843 1752 Cinna·
857 1698 1005 1768 Smyrnam
1021 1699 1088 1749 scri·

46 1768 120 1840 psit,
137 1783 224 1836 quam
241 1784 347 1820 nonum
364 1776 425 1839 post
441 1784 560 1832 annum,
584 1776 615 1818 ut
632 1767 753 1820 Catullus
771 1768 835 1834 (93.)
853 1769 906 1834 ait,
930 1767 1022 1820 edidit.
1056 1764 1088 1817 ld

46 1837 128 1907 quod
146 1845 176 1888 et
194 1837 376 1905 Quintilianus
394 1839 440 1888 ait.
472 1835 552 1888 Unda
575 1838 662 1888 etiam
678 1837 824 1890 Horatium
847 1837 881 1889 in.
895 1844 955 1888 arte
978 1835 1087 1907 poetica
1119 1874 1124 1893 ,

47 1907 135 1975 (388.)
153 1905 250 1957 dicunt
266 1907 300 1958 ad
317 1923 383 1959 eum
399 1904 538 1971 allusisse,
552 1904 615 1956 cum
634 1905 693 1960 aits
706 1904 875 1972 Nariumque
892 1913 1037 1974 prematur
1054 1905 1086 1954 in
1124 1898 1127 1909 Χ

48 1991 170 2027 annum.
211 1976 274 2026 Fuit
294 1984 387 2026 autem
406 1974 479 2026 liber
503 1974 634 2025 obscurus
658 1974 742 2040 adeo,
776 1982 806 2024 ut
830 1979 863 2026 et.
880 1971 1006 2027 nonnulli
1029 1972 1087 2022 eius

47 2044 153 2098 aetatis
173 2043 358 2096 Grammatici
388 2042 417 2094 iu
449 2058 514 2093 eum
544 2043 717 2112 scripserint,
747 2058 935 2111 magnamque
966 2056 997 2091 ex
1011 2046 1014 2052 '
1028 2040 1086 2091 eiua

47 2112 231 2169 enarratione
249 2114 303 2164 sint
320 2112 437 2180 gloriam
456 2112 602 2163 consecuti.
616 2119 624 2154 Ι
636 2111 716 2181 Quod
734 2111 865 2163 obscurus
882 2109 984 2175 fuerit,
1000 2109 1085 2160 etiam

46 2182 189 2236 Martialis
206 2182 323 2232 ostendit
339 2182 368 2232 in
384 2181 431 2232 illo
449 2197 527 2232 versu
544 2180 657 2250 (Epigr.,
665 2186 717 2246 10,
732 2179 802 2242 21.):
827 2179 925 2233 ludica
943 2190 967 2229 te
986 2178 1086 2228 melior

48 2253 149 2304 Cinna
167 2249 286 2302 Marone
298 2251 369 2318 fuit.
619 2278 624 2287 ·
790 2258 797 2280 ¹
851 2260 855 2268 “
983 2250 1001 2307 j
1060 2290 1063 2303 ,

120 2319 179 2370 Eoi.
198 2326 245 2386 10,
262 2317 306 2375 22⁸.
332 2319 482 2385 Tunicam
501 2315 621 2384 Lycoris
628 2341 637 2381 ,·
661 2319 680 2370 i.
697 2336 737 2384 a,
762 2333 856 2379 amor;
880 2325 911 2368 ut
928 2317 969 2384 (A.
986 2320 1018 2381 4,
1037 2316 1085 2376 1.):

44 2389 224 2510 lIamdudum
249 2389 349 2438 saucia
374 2403 459 2452 cnra;
482 2387 552 2438 haec
576 2395 668 2439 autem
692 2386 974 2456 Lycoris,'Cytheris‚
992 2384 1086 2456 appel·
1120 2442 1123 2451 ,

55 2467 105 2510 ata
123 2466 172 2509 est
899 2472 904 2487 ¹

120 2593 223 2661 Georg.
248 2599 280 2658 1,
303 2598 346 2651 58.
377 2592 411 2642 At
436 2586 572 2661 Chalybes
597 2596 668 2645 nudi
688 2593 818 2662 ferrum,
841 2608 909 2661 gens
933 2592 964 2645 in
987 2591 1084 2657 Ponto,
1129 2629 1132 2635 .

44 2681 123 2733 quae
147 2663 252 2715 terrum
275 2663 410 2730 reperisse
433 2663 547 2729 dicitur,
578 2670 606 2712 et
631 2666 714 2726 medi,
740 2663 902 2714 necessitato
922 2661 1030 2733 operis,
1053 2667 1083 2710 ut

44 2733 288 2785 nudasnemira
306 2731 469 2798 Pyracmon.
486 2757 519 2769 -
561 2737 613 2788 103
640 2733 788 2782 Mirantur
807 2729 938 2796 Gargara
964 2746 1083 2791 messes,·

44 2810 92 2853 est
108 2807 139 2853 et
155 2800 224 2852 alter
240 2816 347 2852 sensus:
374 2800 447 2850 Cum
466 2819 498 2852 ea
515 2799 549 2850 sit
567 2801 631 2851 antri
647 2799 814 2865 temperies,
831 2806 862 2848 ut
878 2798 967 2848 hiems
984 2813 1082 2863 serena
1176 2800 1181 2810 “

17 2890 21 2895 ’
42 2871 99 2935 sit,
124 2875 153 2920 et
174 2867 318 2921 solstitium
341 2869 503 2934 hranidum,
531 2869 635 2918 fructus
659 2872 763 2938 optime
787 2867 952 2934 proveniunt
975 2864 1084 2933 (Guelf.
1105 2905 1108 2913 .

43 2939 233 3013 prpcenire).²
252 2939 288 2990 Et
309 2939 378 2990 adeo
402 2939 471 2989 haec
488 2955 545 2989 essa
562 2937 635 3004 agria
652 2938 822 2998 necessaria,
848 2941 879 2984 ut
894 2935 952 2987 sine
969 2933 1011 2985 his
1028 2948 1082 2985 nec
1174 2978 1177 2993 ,

43 3009 161 3077 Mysiae
180 3007 307 3075 quidam,
330 3024 382 3060 nec
405 3007 596 3073 Gargarorum
620 3007 802 3074 agriculturae
828 3003 915 3069 (siut)
938 3000 1089 3055 feracitate.

44 3076 210 3141 laudabiles,
226 3092 408 3146 responsurae
423 3075 478 3127 sint
495 3075 538 3141 (G.
558 3075 635 3137 sunt)
655 3074 786 3141 opinioni,
803 3089 873 3139 quae
891 3071 925 3122 de
943 3072 980 3123 eis
997 3070 1083 3125 habe·

45 3155 106 3196 tur.
141 3146 189 3196 Est
206 3152 299 3196 autam
316 3144 406 3211 Mysia
422 3142 501 3210 regio
519 3143 597 3193 Asiae
615 3145 689 3197 circa
707 3143 848 3206 Ciliciam,
865 3141 978 3209 frugum
996 3142 1082 3205 ferax,
1167 3137 1174 3144 '

44 3229 139 3282 quae,
155 3215 235 3264 nullo
255 3215 332 3264 cultu
352 3224 463 3263 tantum
480 3229 509 3262 se
528 3214 631 3277 iactat,
643 3211 662 3263 i.
682 3230 720 3275 a,
737 3210 891 3278 gloriatur,
907 3216 1041 3281 quantum
1058 3208 1082 3262 si

44 3284 157 3348 veniat,
181 3300 278 3334 serena
303 3283 407 3345 hiems,
430 3294 458 3332 et,
480 3282 632 3333 solstitium
656 3280 813 3333 harnidum.
836 3305 871 3318 -··
911 3285 973 3337 157.
987 3278 1081 3330 ¹Falce

44 3369 158 3420 premas
177 3354 308 3417 umbras3
334 3352 398 3417 quia
415 3351 529 3403 arbusta
544 3350 598 3401 seri
614 3349 708 3403 solent.
743 3348 778 3399 Et
796 3347 923 3414 Premis,
936 3363 988 3417 pro
1006 3363 1081 3401 com·

42 3436 153 3492 pasces.
168 3447 203 3459 -
240 3426 300 3478 165.
318 3421 407 3480 Celei3
425 3419 522 3473 Celeus
539 3435 585 3471 rex
602 3417 819 3480 Eleuslrriorum,
836 3415 908 3483 apud
927 3433 1011 3485 quem
1029 3417 1081 3469 Ce-

44 3507 93 3542 res
110 3490 247 3560 hospitata
265 3489 366 3540 dicitur
390 3488 476 3539 filiam
494 3502 642 3554 quaerens..
671 3486 722 3537 Hic
745 3486 854 3551 primus
870 3493 982 3555 propter
999 3500 1080 3537 usum
1111 3509 1124 3536 ,ι

44 3559 176 3624 serendi,
197 3575 283 3628 quam
305 3577 323 3610 a
348 3558 451 3611 Cerere
468 3555 656 3625 Triptolemus
679 3554 749 3605 filius
772 3554 829 3605 eius
852 3560 1013 3622 acceperet,
1037 3568 1081 3606 ex·

45 3625 177 3695 cogitarit
194 3629 326 3692 canistra,
343 3628 423 3677 cistas
440 3634 468 3678 ct
483 3626 526 3677 his
542 3624 651 3675 similia.
668 3651 703 3660 -
737 3628 803 3682 166..
815 3623 849 3671 Et
867 3621 991 3692 Mystico
1009 3637 1079 3674 aan-

47 3713 106 3747 nus
124 3694 236 3761 Iacchi,
261 3713 376 3761 nanetus
398 3702 440 3746 est
456 3711 500 3746 vas
524 3692 800 3756 animositatum,
823 3693 852 3741 in
872 3692 944 3757 quod
966 3696 1078 3760 propter

44 3767 230 3835 capacitatem
245 3765 340 3817 rustici
357 3779 510 3831 congerere
528 3763 641 3828 frugum
659 3762 795 3828 primitias
812 3759 914 3823 solent,
931 3766 959 3810 et
975 3756 1080 3809 Libero

46 3850 160 3888 sacrum
184 3836 286 3885 iacere.
320 3834 398 3884 Unde
416 3833 540 3898 Mystico
565 3831 610 3896 (G.
628 3830 792 3897 Mysticam)
818 3827 897 3879 dixit:
922 3835 962 3878 est
985 3833 1080 3877 autem
1130 3856 1133 3865 »

47 3919 112 3955 usus
129 3903 203 3968 eius,
226 3913 256 3952 ut
272 3901 367 3955 fabam
385 3909 485 3961 vannat
502 3900 548 3965 (G.
568 3913 597 3950 ut
615 3899 717 3968 javam
735 3899 841 3949 condat
859 3899 917 3948 sive
935 3893 1080 3953 vannant).

47 3999 82 4010 -··
118 3978 181 4029 170.
204 3973 239 4021 1η
257 3971 372 4031 Burim‚·
398 3969 484 4020 Buris
509 3985 572 4034 pars
596 3969 680 4018 aratri
706 3983 802 4027 curva,
826 3982 896 4032 quae
921 3972 952 4014 ut
974 3966 1083 4015 curtati

49 4042 150 4110 possit,
176 4047 239 4091 ante
264 4039 429 4108 praeuritur.
447 4066 480 4074 -—
527 4043 585 4095 179.
605 4037 638 4087 Et
663 4037 792 4087 uertenda
812 4050 914 4098 runnu,
938 4039 1002 4085 ania
1024 4047 1080 4086 rar·
