2452 4626
213 293 251 335 sn
277 270 1044 345 vinuli.AENE10.L113.x11.452-492.
1109 282 1153 343 77

119 470 217 510 nauus.
257 456 344 527 [Sane
361 469 409 513 aut
424 461 506 530 longe
522 462 688 514 horrescunt
703 457 732 527 ⁸,
748 458 802 510 beu
820 464 915 510 autem
932 465 964 510 ut
980 457 1051 511 solet
1065 456 1152 512 inter·

121 528 262 581 lectionem
279 545 316 581 ex
332 546 381 583 stra
397 547 516 605 persona
532 530 705 598 interposuit.
717 553 751 567 —
783 533 847 586 453.
866 526 954 578 Dabit
972 528 1020 578 ille
1035 529 1153 591 ruinasj

122 598 185 648 usis
200 612 260 667 pro
272 597 385 665 jaciet,
408 601 552 651 Terentius
570 601 651 666 (Eun.
668 602 702 664 4,
719 605 750 662 3,
768 598 832 659 11.):
856 595 937 662 Quas
954 597 1053 647 turbas
1070 597 1153 650 dedit.

119 666 147 717 Et
159 667 220 735 ipse
240 673 288 730 (2,
305 669 396 731 482.):
412 669 447 718 Et
464 671 604 737 ingentem
623 670 679 720 lato
698 668 773 717 dedit
792 682 837 717 ore
854 664 1026 733 fenestram]
1061 664 1151 732 Ruet3

116 742 186 787 eruet
209 741 244 789 et
260 744 378 789 evertet.
411 739 569 806 [Terentius
593 737 687 803 (Adel.
704 744 736 799 3,
752 746 785 797 2,
802 736 878 795 ἓως
900 734 1009 786 Ceteros
1034 752 1153 803 agerem,

113 821 225 854 ruerem.
264 805 355 871 Nam]
377 805 455 858 aliter
473 806 578 858 dictum
596 813 650 870 eat,
673 806 703 863 in
720 806 753 855 11.
771 805 865 866 (290.):
891 803 963 853 Ruit
981 805 1037 855 alto
1057 822 1075 854 a
1093 807 1152 856 cul·

112 877 181 924 nine
207 872 316 925 Troia.
339 902 374 911 -
417 880 478 933 456.
504 875 600 936 Talin
624 874 732 938 taliter,
755 872 839 924 simili
865 873 957 923 modo.
998 870 1042 923 Sic
1067 875 1149 943 paulo

110 950 179 1012 post:
195 942 319 994 similis
338 944 443 995 medios
460 944 582 995 Iuturna
599 961 649 1010 per
662 942 761 994 hostes.
796 940 962 1005 Rhoeteius;
982 939 1117 992 Troianus
1135 957 1152 991 a

110 1012 305 1081 promontorio
324 1013 434 1064 Troiae.
450 1034 485 1053 ·-
525 1018 586 1071 457.
604 1011 697 1062 Densi
722 1013 820 1061 cuneis
845 1028 874 1060 se
902 1014 1021 1077 quisque
1045 1014 1151 1063 conctis

115 1081 333 1147 Agglemerant5
351 1081 507 1148 densentur,
524 1090 554 1132 nt
570 1081 709 1133 cuneatim
727 1080 866 1143 dimicent,
883 1079 987 1131 scilicet
1003 1078 1033 1131 in
1050 1095 1150 1132 cuneo·

116 1166 174 1200 ruas
188 1150 319 1201 ¹modum
336 1151 495 1222 compositi,
516 1151 558 1218 [ut
581 1151 689 1202 hostem
712 1148 818 1201 facilius
834 1145 1001 1200 invaderent.
1018 1175 1053 1186 —
1087 1152 1150 1206 458.
1217 1138 1223 1161 ’

121 1215 246 1282 ὒηυιις
272 1220 389 1271 iorum.
430 1220 585 1271 Sallustiru:
609 1218 779 1270 Lusitaniae
803 1234 916 1284 gravem
941 1219 1091 1269 civitatem.
1115 1242 1150 1255 -

121 1287 274 1344 mcertis
301 1289 363 1354 ipse
382 1288 553 1340 Tolumnius
578 1306 688 1354 augin,-
712 1295 744 1337 ut
766 1289 871 1357 primus
894 1285 1009 1337 violator
1029 1286 1149 1339 foederis

118 1371 208 1424 poem
223 1355 314 1420 luat]
328 1380 363 1394 -
395 1363 457 1415 462.
476 1357 651 1410 Tollitur‘in
670 1359 777 1408 coelum
795 1356 916 1417 clemon-
940 1355 1030 1405 occiso
1048 1370 1081 1407 eo
1099 1353 1147 1435 qui

114 1433 200 1476 amor
218 1425 417 1495 disrumpendi
432 1427 550 1479 foederis
566 1429 671 1490 iuerat,
689 1434 797 1477 exortus
814 1425 992 1488 asteismos,
1010 1431 1037 1476 et
1052 1431 1148 1476 statim

112 1502 198 1546 tectus
213 1495 287 1561 fuga
305 1493 486 1546 Rutulorum:
503 1504 546 1546 ut:
569 1495 700 1561 Versique
718 1495 846 1563 vicissim
861 1491 1059 1544 Pulverulenta
1070 1490 1148 1571 fuga

112 1561 210 1614 Rutuli
228 1560 305 1612 dant
323 1575 400 1630 terga
416 1582 576 1632 peragras.
612 1564 658 1630 [Et
675 1564 745 1615 bene
763 1563 912 1627 uicissim,
929 1562 993 1629 quia
1011 1561 1147 1614 Troianos

113 1631 254 1700 iningam
271 1647 365 1683 versos
388 1633 486 1699 sitisse,
509 1631 605 1685 exiride
627 1635 759 1702 apperiat,
781 1631 855 1700 quod
872 1644 954 1700 supra
971 1630 1052 1697 (408.)
1062 1629 1148 1693 dixit:

112 1700 234 1752 deberent
262 1703 385 1766 equites,
415 1713 440 1751 et
463 1703 575 1768 spicula
601 1704 704 1752 castris
729 1699 826 1751 Densa
845 1700 956 1757 eadunt
980 1700 1089 1771 mediis.
1113 1723 1149 1736 -

111 1773 165 1829 463.
181 1767 408 1834 Pulesrulentn5
425 1770 506 1836 plena
522 1770 654 1841 pulveris;
672 1785 738 1822 nam
751 1769 824 1836 apud
836 1777 941 1823 veteres
953 1769 1147 1832 pulverulenta

113 1838 295 1901 dicebantur,
320 1839 390 1890 sieut
413 1840 587 1907 vinolentum
612 1839 743 1902 dicimus,
765 1839 813 1906 qui
836 1838 898 1889 vino
922 1837 1019 1907 plenus
1042 1845 1096 1904 est,
1119 1845 1149 1891 et

114 1909 312 1971 umulentum,
329 1907 376 1975 qui
403 1914 508 1960 temeto
526 1909 622 1976 plenus
639 1915 687 1959 est.
703 1933 738 1943 -
777 1912 839 1965 465.
856 1905 915 1958 Nee
932 1907 999 1971 pede
1017 1921 1146 1974 congres-

115 1994 166 2041 sss,
183 1993 238 2026 nec
258 1992 349 2041 equo,·
373 1977 506 2044 pedestris
523 1992 594 2045 quae
613 1984 661 2028 'est
677 1991 785 2046 pugnae
803 1990 858 2043 quo
875 1976 888 2006 *
904 1982 934 2026 at
951 1974 1102 2044 (pedestres
1120 1984 1149 2028 et

116 2054 250 2114 equestres
268 2060 377 2113 pugnas
394 2046 481 2107 vocat)
498 2046 548 2098 ubi
563 2047 637 2097 inter
655 2045 778 2113 equitem
796 2053 824 2097 et
848 2043 969 2111 peditem
988 2052 1148 2111 pugnaees,

114 2113 141 2163 tt
156 2119 220 2180 (10,
239 2113 332 2175 889.):
353 2114 389 2163 Et
408 2127 522 2182 urgetur
544 2132 642 2182 pugna
668 2110 836 2180 congressui
860 2108 983 2178 iniqua]
1014 2110 1146 2164 Netteia

108 2182 227 2250 fisenus
248 2183 429 2249 insequitun3
447 2185 466 2235 i.
479 2201 503 2236 e.
521 2200 573 2237 nec
590 2182 737 2252 fugientes,
752 2199 803 2233 nac
821 2191 916 2233 contra
934 2187 1035 2233 stantes
1051 2180 1148 2250 digna·

111 2258 149 2303 tur
166 2251 312 2304 occidere.
345 2253 382 2302 Et
398 2267 500 2320 magna
517 2254 625 2305 Aeneae
643 2251 794 2303 ostenditur
810 2252 906 2320 pietas,
922 2251 970 2319 qui
986 2266 1038 2301 nec
1054 2251 1147 2302 vulne-

110 2329 180 2372 ratus
197 2319 346 2386 irascitur,
370 2328 400 2371 ut
417 2322 479 2372 velit
495 2329 592 2374 eontra
612 2321 704 2389 legem
720 2320 839 2372 foederis
864 2320 894 2370 in
911 2318 1015 2370 bellum
1032 2322 1145 2371 moveri.

109 2417 140 2427 -
164 2395 231 2447 468.
256 2388 379 2456 Viraga;
397 2389 496 2442 dicitur
511 2390 612 2442 mulier
629 2406 700 2457 quae
718 2389 793 2440 virile
811 2388 907 2458 implet
924 2388 1060 2453 officium,
1077 2388 1106 2456 [i.
1121 2406 1145 2440 e.

109 2459 206 2510 mulier
224 2474 302 2526 qsiae
319 2459 370 2509 viri
386 2459 512 2511 animum
530 2459 627 2523 babet,
650 2458 701 2509 has
725 2457 831 2526 antiqui
855 2459 934 2509 viras
958 2455 1093 2508 dicebant.
1110 2483 1144 2495 -

109 2531 165 2584 471.
192 2526 360 2591 Undnntes,·
384 2529 448 2596 quia
472 2527 502 2580 in
525 2537 619 2589 motu,
642 2527 779 2578 undarum
802 2525 884 2578 modo
909 2523 1085 2589 flectuntur.]
1110 2550 1145 2563 -·

109 2601 166 2652 trs.
186 2595 337 2659 Pewolat5
361 2612 411 2664 per
428 2597 550 2664 'magnas
575 2596 655 2649 aedes
680 2596 759 2646 volat
793 2594 864 2646 Nam
888 2610 968 2646 more
991 2607 1040 2642 suo
1058 2595 1142 2646 verbo

110 2663 182 2716 dedit
205 2666 366 2718 detractam
389 2667 497 2718 nomini
514 2665 754 2737 praepositionem.
772 2690 806 2700 -
845 2669 906 2720 475.
925 2662 1076 2731 [Nidisque
1102 2666 1142 2715 lo·
1217 2696 1220 2701 -

109 2733 250 2798 quacibus
269 2750 366 2798 escas,·
391 2735 458 2786 ordo
476 2744 532 2788 est:
554 2736 690 2800 Escasque
709 2733 778 2784 nidis
795 2732 955 2800 loquacibus
978 2729 1093 2797 legens]
1110 2759 1144 2770 —

107 2807 166 2859 476.
188 2802 316 2866 Vncuis,·
332 2803 454 2869 magnis:
467 2811 500 2856 ut
517 2808 559 2866 (2,
577 2803 663 2863 52A):
685 2802 779 2852 Vacua
799 2804 872 2851 atria
892 2800 995 2850 instrat
1012 2799 1142 2854 Saucius.

108 2896 138 2908 -
172 2875 238 2928 477.
257 2872 395 2938 [simum
414 2886 464 2939 pro
481 2870 627 2936 similiter.]
643 2898 677 2907 —
712 2877 773 2928 480.
791 2870 848 2919 Nec
867 2870 992 2938 conferre
1011 2886 1143 2936 manum,-

108 2956 169 2990 cum
187 2942 300 3002 Aenea;
322 2958 388 2992 uam
405 2941 471 2992 alios
488 2940 668 3012 persequitur.
702 2942 789 3001 Avia,·
815 2940 849 2989 ab
873 2956 906 2990 ea
929 2938 1033 2989 scilicet
1055 2950 1144 3005 parte,

109 3025 159 3076 qua
176 3008 312 3062 veniebat
327 3013 439 3062 Aeneas.
456 3034 491 3046 »-
525 3014 586 3066 481.
607 3009 706 3059 Tertor
726 3011 821 3069 orles;
841 3007 964 3075 obliquas
982 3016 1009 3059 et
1026 3006 1143 3078 implici-

109 3084 146 3129 tas
163 3079 227 3129 rias.
246 3105 283 3116 -
317 3083 380 3136 482.
404 3069 579 3145 Vesti'gatque
597 3080 707 3139 virum3
731 3076 859 3146 inquirit:
875 3076 1017 3128 translatio
1036 3093 1052 3126 a
1069 3078 1143 3131 cani·

108 3144 163 3211 bus,
180 3146 244 3214 [qui
261 3164 313 3216 per
330 3147 442 3215 vestigia
460 3159 489 3199 et
505 3147 607 3214 pedum
623 3149 701 3213 signa
718 3148 810 3197 ferum
826 3145 978 3213 indagant]
1012 3144 1142 3198 Disiecta

108 3231 151 3279 per
169 3217 311 3282 agmina5
334 3217 464 3282 dissipate
489 3216 605 3268 adventu
623 3218 738 3266 Aeneae.
755 3241 791 3251 -
824 3219 885 3271 485.
904 3216 1037 3282 [Aversor
1057 3229 1141 3268 retor-

109 3285 157 3345 sit,-
176 3299 229 3350 pro
246 3286 363 3335 retorsit
379 3292 407 3335 et
422 3283 540 3349 avertit]
558 3311 592 3320 -
632 3289 694 3340 486.
712 3282 775 3334 Heu
793 3286 863 3350 quid
881 3283 968 3350 agat?
994 3299 1078 3335 omne
1095 3286 1143 3338 ad·

108 3352 232 3402 serbium
252 3351 337 3403 verbo
354 3352 492 3405 cohaeret.
527 3352 604 3403 Unde
621 3351 689 3415 beu,
706 3369 754 3402 en.
771 3365 815 3415 at,
831 3365 890 3402 atat
908 3360 935 3404 et
952 3351 1061 3417 similia,
1078 3355 1142 3422 quia

109 3420 187 3472 verbo
210 3419 370 3476 cohaerere
392 3439 448 3474 non
472 3429 597 3491 possunt,
626 3429 752 3487 separata
775 3422 901 3473 iecerunt
924 3421 1008 3475 aliam
1031 3432 1143 3489 partem

110 3490 255 3553 orationis,
277 3490 383 3541 seilicet
405 3491 640 3542 interiectionem:
664 3504 748 3556 quam
772 3490 829 3541 sola
851 3490 984 3542 Latinitas
1008 3490 1140 3558 possidet3

107 3559 177 3624 [cum
192 3559 303 3610 Graeci
327 3559 378 3623 sub
395 3559 523 3612 adverbio
542 3558 778 3627 comprehendunt
794 3559 860 3612 tales
879 3575 966 3610 voces.
1000 3562 1071 3612 Sarte
1087 3561 1140 3612 hoc

109 3629 182 3692 poete
197 3628 278 3680 dedit
295 3645 391 3679 rerum
408 3628 615 3680 miserationem
631 3642 750 3679 movens.
784 3628 834 3679 Alii
851 3627 886 3677 ab
899 3629 1007 3680 Aeneae
1020 3644 1140 3695 persona

108 3696 204 3749 dictum
221 3697 381 3766 accipiunt,
398 3706 429 3748 ut
446 3695 563 3748 diceret:
587 3693 649 3744 Heu
668 3698 737 3762 quid
756 3695 880 3762 agarnPJ
896 3694 931 3733 '-
965 3701 1028 3755 485.
1045 3696 1138 3761 Huic,-

110 3770 200 3832 proin
218 3766 317 3816 hunc:
343 3774 371 3818 et
394 3774 435 3818 est
452 3765 534 3816 ordo:
558 3763 628 3814 Huic
651 3764 752 3831 dirigit
772 3791 804 3802 -·
845 3771 906 3822 tut.
925 3765 958 3816 Se
977 3767 1088 3833 collegit
1107 3769 1138 3817 in

111 3850 195 3899 srma,·
219 3837 263 3886 ita
281 3851 311 3886 se
327 3835 408 3900 texit,
430 3834 552 3896 utnulla
571 3841 649 3898 parte
666 3842 757 3900 posset
773 3834 858 3884 feriri.
880 3862 912 3871 -
947 3837 1008 3892 492.
1026 3835 1137 3902 Apicem

114 3911 190 3953 tenen
209 3904 308 3954 incita
326 3920 482 3964 summum;
500 3902 596 3970 galeae
613 3901 802 3967 eminentiam,
817 3918 901 3970 qnam
915 3901 1015 3953 Graeci
1034 3919 1136 3953 cenum

114 3980 209 4038 tecam,
235 3970 267 4023 in
286 3988 342 4040 qua
359 3973 482 4024 eminent
499 3972 605 4021 cristae.
639 3971 742 4037 [Potest
758 3971 811 4021 hoc
828 3980 923 4022 tamen
940 3986 1042 4022 nomen
1059 3978 1086 4022 et
1103 3970 1137 4023 de

115 4041 241 4095 undose
261 4039 387 4094 Flamina
403 4039 493 4109 accipi
510 4039 558 4108 qui
574 4038 653 4110 apice
670 4045 800 4108 utiuttiu,
822 4039 896 4107 qnod
919 4040 948 4090 iu
965 4046 1063 4119 quprto
1079 4039 1136 4110 ple·
1180 4070 1189 4081 ·
