2452 4626
248 304 285 346 an
308 282 467 348 vmctt.
489 280 731 357 BUCOL1X‚
753 287 907 351 18-30·
1036 283 1101 350 169

58 468 175 521 solatio:
201 469 275 538 quod
296 468 450 521 infelicium
475 484 533 522 esse
557 468 705 521 consuerit.
741 466 809 534 [Vol
832 479 881 517 tua
907 467 1028 532 solatia,
1054 475 1104 520 tua

59 539 204 602 carmina,
230 538 328 605 quibus
353 534 546 600 consolamur]
563 565 596 575 ·-
632 544 675 595 19.
693 534 767 601 Quis
792 535 908 585 isarnum
925 537 1102 604 florentibus

60 607 174 670 herbis;
206 607 245 656 sic
276 612 318 656 est
340 605 459 670 dictum,
489 614 520 655 ut
544 606 592 671 (E.
615 611 648 668 6,
670 606 744 665 62.):
776 603 857 656 Tunc
883 605 1103 658 Plattonte'adas

63 693 161 726 musco
189 675 349 725 circumdat
373 693 485 724 amarae
507 674 749 740 corticis,··atque
775 675 834 724 solo
859 691 991 740 proceras
1017 677 1104 743 erigit

63 747 202 795 alnos.-
238 751 282 799 20.
301 742 471 810 [spargerem
488 742 506 794 i.
524 761 546 795 e.
565 758 706 812 aspersam
723 742 839 793 floribus
856 741 990 808 caneret]
1025 743 1101 796 Fon-

63 827 99 864 tes
119 813 268 868 induceret
287 813 402 872 umbra,
419 818 534 877 tegeret,
550 810 712 880 cooperiret.
751 809 799 862 Vel
816 828 887 878 quae
904 812 1016 879 sublegi
1031 815 1102 864 teci.

63 896 106 933 tus
135 883 193 932 tibi
218 883 347 931 carmina
375 897 479 946 nuper;
511 878 741 947 [subaudiendum
768 883 906 930 nesciente
932 892 957 930 te
981 882 1103 949 sublegi,

62 950 214 1017 intercepi,
238 958 268 1001 et
283 947 365 1014 bene]
384 949 486 1000 natica
503 949 648 1000 allectione
666 947 805 1000 reminisci
822 966 851 999 se
868 949 981 1000 illorum
999 953 1102 1003 carmi·

12 1006 15 1077 f
63 1037 129 1072 num
156 1019 251 1086 lingit,
274 1034 345 1084 quae
367 1017 514 1085 aliquando
539 1017 666 1084 Virgilio,
689 1016 755 1069 licet
778 1017 862 1068 invito
879 1018 1000 1069 Romam
1024 1021 1103 1073 eunti

12 1096 17 1169 y
63 1090 226 1141 abstulerat.
258 1087 332 1137 Nam
349 1085 464 1154 Sublege'
488 1094 528 1138 ast
550 1087 655 1137 furatus
679 1101 747 1135 sum.
784 1086 862 1137 Unde
888 1094 916 1138 et
942 1090 1101 1157 sacrilegus
1155 1142 1159 1153 ,

12 1186 14 1191 ·
64 1160 178 1218 dicitur,
202 1155 250 1222 qui
269 1172 351 1205 sacra
370 1157 451 1222 legit,
472 1155 490 1206 i.
509 1173 531 1205 e.
550 1154 667 1205 iuratur.
701 1154 821 1222 [Plautus
845 1155 873 1205 in
891 1155 979 1208 milite
997 1160 1041 1226 (4,
1059 1165 1103 1225 11,

12 1222 15 1275 ἶ
64 1225 132 1287 98.):
162 1224 244 1291 Quae
268 1227 351 1274 etiam
372 1239 498 1276 nostrum
516 1223 589 1273 hunc
608 1240 761 1274 sermonem
780 1223 964 1290 sublegerat]
980 1253 1015 1265 ··-
1055 1232 1102 1285 22.

11 1284 20 1355 l
63 1295 195 1346 Delicias
215 1307 343 1356 nostras3
362 1294 380 1344 i.
397 1312 420 1345 e.
438 1307 617 1343 communem
636 1293 763 1342 amicam.
777 1318 811 1328 -
846 1301 889 1349 23.
910 1293 1016 1362 Tityre,
1033 1297 1102 1347 dnm

11 1358 19 1427 ξ
66 1366 164 1428 redeo,-
188 1362 331 1413 Theocriti
349 1370 411 1415 suut
429 1378 519 1414 versus
544 1360 680 1426 (verbum)
704 1359 870 1412 adverbum
889 1364 1029 1430 translati,
1052 1365 1101 1419 sed

63 1441 159 1486 tamen
178 1430 287 1497 Virgilii
306 1429 450 1497 negotium
475 1429 653 1481 continentes.
687 1430 760 1481 Nam
777 1421 959 1500 ἅλληγορικῶσ
981 1434 1102 1503 imperat

22 1502 31 1529 ⁸
65 1503 132 1567 suis,
157 1508 268 1565 utrem
287 1507 430 1564 tueantur,
453 1515 505 1551 neo
523 1506 616 1550 tamea
635 1498 755 1549 audeant
777 1508 874 1550 contra
891 1501 964 1552 Arrii
987 1519 1100 1571 praece·

64 1579 142 1638 ptum
163 1569 265 1621 venire.
298 1567 362 1634 [sed
378 1566 436 1619 hoc'
448 1575 496 1619 aut
512 1566 546 1618 de
563 1566 623 1636 ipsc
636 1566 743 1634 Virgilii
757 1566 881 1620 carmine
894 1569 1009 1636 Lycidas
1026 1580 1101 1623 retu·

63 1641 108 1702 lit,
132 1646 198 1700 aut,
222 1645 253 1687 ut
276 1635 323 1687 alii
365 1644 458 1700 utant,
480 1650 625 1687 conversus
648 1634 683 1686 ad
706 1635 849 1703 gregalem
873 1653 953 1688 suum
971 1638 1100 1707 Tityrum

11 1766 15 1771 ¹
64 1708 139 1761 dicit.
178 1707 215 1757 Et
230 1705 317 1769 bene,
339 1653 405 1756 (iiam
428 1705 595 1773 promittunt
616 1719 645 1754 se
668 1711 841 1769 cantaturos,
863 1704 1042 1765 nihilominus
1059 1710 1101 1762 di·

63 1785 137 1829 cunt.
174 1773 245 1826 Sane
271 1774 427 1840 quaeritur,
451 1781 545 1823 utrum
569 1773 598 1823 in
622 1772 665 1822 his
688 1773 775 1822 tribus
799 1774 919 1825 versibus
942 1779 1099 1842 perlectum

62 1863 180 1897 carmen
198 1843 247 1905 sit,
270 1861 305 1893 an
323 1843 433 1894 initium
450 1841 561 1892 alterins
583 1841 713 1892 carminis
730 1842 894 1910 imperfecti.
934 1843 1099 1898 Theocritus

64 1922 113 1981 (3,
131 1913 189 1976 3.):
217 1906 315 1978 Tirac',
332 1909 401 1977 ιὲμὶν
417 1906 449 1963 τό
468 1906 550 1961 uelle
566 1905 748 1977 πεφιλαμένε,
772 1907 853 1978 βάσκε
869 1906 917 1964 cols
934 1912 1027 1981 elyas,
1053 1921 1100 1969 nat

63 1990 126 2036 noel
144 1976 200 2034 triv
217 1977 318 2048 κράναν
334 1975 398 2047 ὅγε,
420 1982 530 2042 Titane,
549 1986 593 2032 real
610 1975 659 2030 τόν
676 1977 804 2047 iadorae,
822 1975 872 2033 ele
887 1980 1014 2050 Asp'arls
1031 1980 1099 2037 κνά-

63 2072 136 2105 sumta
156 2044 302 2119 φυλάσσεο,
326 2047 416 2117 μήτι)
439 2045 560 2120 ecclic]
594 2048 671 2098 Inter
689 2050 843 2117 agendum,
870 2047 937 2100 dum
960 2053 1026 2120 agis.
1062 2054 1099 2105 Et

63 2124 183 2175 honesta
206 2120 307 2170 locutio
324 2126 379 2182 est,
404 2118 427 2168 si
445 2117 567 2168 dicamus
588 2117 661 2167 inter
678 2117 851 2169 coenandum
869 2117 922 2169 hoc
939 2136 1001 2173 snm
1024 2122 1099 2173 locu·

63 2199 114 2242 tus.
149 2188 310 2256 [nsrnriusz
334 2187 411 2237 Inter
434 2188 618 2252 loquendum
643 2187 760 2239 Ennius:
783 2187 859 2236 Inter
879 2191 1047 2252 ponendum.
1063 2200 1099 2229 -ὲ

64 2268 105 2317 25.
124 2258 287 2310 Occursare
306 2274 406 2320 capro;
430 2257 513 2307 ordo:
532 2271 674 2306 occursare
692 2272 775 2325 capro
793 2262 894 2308 caveto.
912 2275 958 2295 -’
981 2265 1023 2317 26.
1041 2258 1097 2309 Im.

66 2346 124 2390 sno,-
150 2341 203 2397 pro
228 2324 290 2389 vel]
325 2323 382 2375 Nec
401 2325 467 2374 dum
491 2323 612 2392 perfecta
619 2347 629 2388 ,·
653 2324 756 2376 nimiae
779 2324 972 2378 familiaritatis
999 2336 1041 2379 est
1062 2328 1098 2380 si·

64 2411 167 2463 gnum,
192 2394 266 2461 quod
283 2393 309 2444 ei
325 2392 460 2445 recitabat
477 2410 605 2458 carmen,
628 2394 751 2444 nondum
776 2395 809 2445 ad
833 2394 930 2445 lirrram
946 2394 1097 2450 redactum.

65 2464 138 2515 Dicit
157 2469 254 2512 autem
272 2477 393 2524 carmen,
411 2462 483 2528 quod
501 2462 577 2528 quasi
595 2470 724 2529 coeperat
741 2462 770 2512 in
788 2461 924 2514 honorem
938 2466 1003 2514 Vari
1021 2480 1098 2516 com·

66 2549 188 2602 ponere:
211 2542 240 2582 et
261 2547 311 2599 per
337 2532 482 2581 transitum
499 2531 577 2599 ponit
593 2531 698 2582 diversa
722 2528 924 2598 [figurationis]
945 2532 1044 2586 scedia.
1060 2561 1096 2573 -

65 2611 108 2659 27.
136 2600 216 2649 Vare·
234 2612 313 2648 tuum
341 2615 454 2656 nomem
479 2598 546 2649 ordo
571 2608 624 2648 est:
655 2601 726 2651 Vere
751 2606 831 2650 tunm
853 2617 955 2652 nomen
980 2603 1096 2656 sublima

64 2672 157 2722 ferent
174 2669 209 2720 ad
224 2668 322 2718 sidera.
357 2667 470 2731 Superet
488 2668 567 2718 modo
587 2667 707 2718 Mantua
728 2668 826 2731 nohis,
850 2670 981 2737 supersit,
997 2672 1096 2723 redda-

65 2746 118 2788 tur.
153 2736 191 2788 Et
207 2736 267 2787 hod
276 2735 357 2785 dicit:
375 2734 401 2785 Si
419 2735 497 2786 nobis
515 2736 629 2787 Mantua
646 2736 730 2788 fuerit
747 2738 869 2801 reddita,
888 2738 1004 2802 luciam,
1021 2748 1052 2790 ut
1067 2747 1096 2793 te

65 2806 207 2858 celebrent
231 2820 327 2855 omnes
350 2807 455 2871 poetae.
497 2796 552 2870 [Et
574 2803 644 2857 bene
668 2807 807 2858 affectiosa
831 2806 865 2858 de
890 2806 993 2875 patria,
1018 2809 1096 2875 quasi

65 2874 197 2936 dubium,
220 2891 255 2924 an
273 2874 446 2939 superfutura
463 2870 517 2936 sit]
533 2899 565 2909 —
601 2880 644 2929 28.
660 2873 783 2924 Mantua
802 2893 851 2925 vae
870 2878 988 2926 miserae
1008 2878 1094 2929 nimi.

68 2961 114 2991 um
131 2945 230 2993 vicina
250 2940 416 3004 Crerncnae3
444 2939 516 2992 benc
532 2941 649 3008 ingemit
664 2942 880 2995 Mantuanorum
898 2944 1096 3011 infelicitatem,

68 3011 165 3078 quibus
188 3010 246 3062 sola
269 3010 357 3060 obfuit
373 3009 496 3060 vicinitas
514 3009 749 3062 Cremonensium.
783 3012 877 3080 [Nam]
892 3013 994 3076 Cassii,
1016 3014 1096 3066 Bruti

68 3087 96 3130 et
117 3078 229 3131 Antonii
257 3078 351 3145 ,copias
375 3078 573 3131 Cremonenses
602 3088 791 3146 susceperant:
822 3097 890 3148 quos
915 3083 1000 3132 etiam
1023 3083 1096 3150 ipsas

69 3149 137 3200 mire
165 3155 286 3209 excusat,
310 3147 402 3198 dicens
427 3148 549 3195 miserae
570 3145 736 3211 Cremonae,
762 3166 832 3216 quae
856 3147 941 3200 etiam
965 3151 988 3201 si
1007 3151 1095 3210 vellet,

70 3217 183 3268 minime
208 3224 303 3266 tamen
325 3215 409 3264 tantis
432 3214 517 3281 copiis
541 3224 631 3283 posset
653 3217 788 3269 resistere.
822 3216 953 3268 Nimium
979 3218 1095 3284 [autem]

70 3289 178 3347 vicina3
203 3284 222 3336 i.
238 3303 262 3336 e.
290 3298 375 3352 usque
399 3282 435 3335 ad
457 3276 619 3351 periculum.
653 3285 754 3352 [Nam,
777 3287 843 3336 ortis
867 3285 944 3337 bellis
968 3288 1092 3338 civilibus

70 3355 137 3406 inter
160 3353 317 3420 {lantoniam
341 3357 369 3402 et
390 3352 555 3418 Augustum,
587 3353 720 3418 Augustus
751 3354 836 3404 victor
862 3355 1093 3407 Cremonensium

71 3439 162 3489 agros,
178 3420 242 3488 qnia
260 3436 311 3490 pro
328 3420 445 3470 Antonio
461 3427 616 3482 senserant,
634 3421 708 3472 dedit
725 3423 857 3474 militibus
875 3425 945 3488 suis,
962 3425 1009 3490 qui
1028 3441 1092 3475 cum

70 3507 120 3541 non
143 3490 327 3551 suffecissent,
350 3486 518 3545 lrisfaddidit
542 3501 623 3552 agros
640 3489 819 3555 Mantuanos,
843 3508 900 3542 non
925 3502 1039 3561 propter
1056 3493 1093 3545 ci·

69 3559 137 3609 rium
155 3561 280 3628 culpam,
295 3556 341 3607 sed
360 3563 473 3621 propter
490 3557 677 3623 yicinitatemJ
688 3586 723 3596 -—
757 3567 800 3617 29.
820 3559 970 3610 Cantantes
985 3561 1078 3628 Cygni
1082 3585 1092 3625 ,·

8 3632 13 3685 ἶ
69 3626 122 3679 ie.
140 3634 246 3695 poetae.
281 3623 324 3674 Sic
341 3623 468 3675 Horatius
486 3624 589 3690 (carm.
608 3628 641 3688 4,
658 3636 690 3687 2,
708 3629 763 3687 25.)
788 3630 822 3680 de
839 3630 973 3680 Pindaro:
998 3631 1092 3680 Multa

8 3702 14 3713 ¹
69 3694 220 3747 Dircaeum
239 3696 312 3747 leont
330 3710 400 3742 aura
420 3708 560 3759 cygnum,¹
578 3695 655 3760 [sane
672 3694 810 3747 blanditur
827 3697 923 3749 Alieno
940 3700 1028 3761 Varo,
1044 3698 1092 3765 qai

8 3758 19 3805 '-
68 3763 184 3817 Pollione
201 3766 306 3831 fugato,
322 3762 425 3826 legatus
438 3760 641 3827 Transpadanis
657 3766 828 3831 praepositus
845 3772 887 3817 e'st
903 3766 938 3817 ab
952 3765 1091 3833 Augusto]

8 3868 11 3889 ,
69 3858 98 3870 ·-
130 3841 174 3891 30.
191 3832 239 3882 sie
257 3843 307 3880 tua
333 3829 475 3897 Cyrnceas
492 3829 615 3897 fugiant
638 3834 769 3882 examina
793 3845 890 3897 taxos,·
913 3841 989 3885 taxus
1012 3849 1092 3885 vene·

8 3896 10 3905 '
68 3909 126 3954 nata
149 3902 236 3953 arbor
261 3907 315 3962 est,
346 3914 415 3962 quoe
439 3897 561 3950 absurdat
584 3898 613 3949 in
638 3899 764 3959 Corsica;
794 3902 863 3952 haec
887 3910 981 3952 erstem
1003 3900 1091 3952 insula

8 3968 17 4025 i
67 3971 170 4024 Graece
188 3969 288 4035 dicitur
306 3982 322 4015 a
341 3967 446 4033 Cyrno,
462 3967 585 4017 Herculis
601 3965 657 4016 lilio
675 3968 776 4034 (Guelf.
788 3971 807 4020 1.
823 3970 855 4020 II.
876 3968 979 4020 Graece
998 3967 1089 4035 Cyme

8 4028 23 4133 ι
65 4040 184 4106 licteus,⁸
211 4033 308 4097 unde).
342 4033 419 4089 Unda
442 4034 509 4087 lacit
530 4034 602 4088 harro
620 4035 819 4093 derivationem
837 4036 981 4106 cyrnaeas
998 4048 1095 4104 taxos,
