2430 4620
135 309 177 372 14
261 302 265 310 ·
309 346 315 358 ,
390 301 536 367 sensu
559 301 915 395 couuenraums

132 507 201 546 nun
223 497 252 542 et
273 489 304 541 in
321 488 434 556 Togetis
450 493 581 544 victrices
604 509 640 559 ap
661 491 795 558 ellantur,
819 507 892 561 quse
915 492 986 545 viros
1010 494 1175 547 extulerunt.

132 562 243 614 Plautus
259 559 289 609 in
306 559 330 608 E
349 559 422 610 idico
439 565 481 627 (2,
500 569 530 626 1,
546 565 597 621 8.):
654 564 703 613 uin
721 563 775 612 tibi
790 563 877 614 licuit
892 579 957 614 eum
974 563 1093 615 vivendo
1115 568 1177 614 uin-

133 628 213 694 cere]
246 626 321 678 Nem
331 578 391 679 boc
408 636 457 694 est,
472 629 618 695 Superstes
638 643 770 682 restarem
789 644 820 681 ut
835 633 958 698 genitor,
974 639 1005 682 ut
1019 633 1085 684 Mea
1098 633 1177 701 fata,

132 717 183 773 per
200 697 430 752 exclamationem
448 697 554 750 dictum
571 699 630 752 sit.
649 698 799 752 Sciendum
815 707 927 765 tamen,
953 700 1038 752 etism
1062 704 1176 753 irratio-

132 768 240 823 nabilis
254 766 409 819 dolentibus
425 766 495 820 deri.
513 793 546 806 -
584 774 645 827 161.
661 768 825 826 Restarern3
841 784 939 820 essem.
956 795 990 807 -
1025 777 1086 828 162,
1103 771 1175 837 [Ob-

134 848 245 892 ruerent
261 835 365 886 Rutuli
382 837 447 887 telis
454 860 464 900 ,·
487 836 506 887 i.
524 855 548 889 e.
566 854 625 901 me;
649 846 678 890 et
694 837 766 890 bene
782 838 867 890 etiarn
890 837 945 890 sibi
966 838 1111 905 irascitur,
1134 841 1173 891 sic
1198 896 1201 909 Ι

132 909 209 961 enim
222 913 322 957 natiue
334 905 527 957 immoerentis
540 905 725 974 exprimitur]
759 907 924 971 Dedimm,
941 908 1173 960 reddidissem.—

133 984 194 1037 163.
212 972 331 1041 Potnpa3
354 974 501 1041 exequialis
523 968 647 1043 [scilicet.
688 974 753 1039 Me;
777 975 966 1028 vehementius
991 979 1174 1043 pronuntian·

131 1047 207 1112 dum,
224 1052 252 1098 et
269 1043 341 1095 bene
358 1042 482 1094 Pallanta
497 1043 590 1112 ipsum
607 1060 689 1098 omen
709 1046 768 1116 (ips.
785 1059 890 1096 nornen
906 1043 1025 1115 posuitJJ.
1040 1071 1075 1083 —
1110 1052 1172 1105 154.

44 1136 47 1147 ·
131 1113 190 1168 Nee
208 1131 258 1166 vos
276 1115 436 1178 arguerim
465 1120 596 1164 exonerat
618 1112 893 1182 eorumpudorem,
915 1130 951 1165 ne
975 1113 1120 1167 rideantur
1146 1114 1173 1168 ei

94 1226 103 1247 ,
130 1200 213 1237 cerua
230 1181 356 1234 orbitatis
374 1182 472 1246 tuisse,
494 1180 590 1239 dicens
604 1182 657 1234 sibi
673 1183 729 1234 hoc
743 1183 865 1235 fataliter
883 1180 1015 1234 debiturn.
1051 1184 1171 1252 [Argue-

132 1255 187 1304 rim
212 1259 322 1314 autem,
346 1249 413 1300 alies
433 1250 631 1315 indicaverim,
654 1260 686 1302 ut
708 1251 850 1316 (4,13.):
874 1249 1033 1318 Degeneres
1057 1257 1173 1306 animos

132 1325 217 1374 timor
234 1322 347 1389 orgum
366 1318 434 1371 elias
450 1320 652 1384 accusaverim,
676 1326 707 1369 ut
723 1335 797 1370 nunc
815 1320 929 1371 Cicero:
952 1320 1059 1386 Arguis
1070 1322 1171 1390 faten-

131 1390 203 1457 tem]
220 1417 254 1428 -
290 1393 350 1445 165.
367 1388 513 1455 Senectae5
537 1390 617 1441 deest
632 1389 730 1440 aetati:
754 1404 821 1438 nem
837 1395 951 1440 senecta
967 1397 1042 1440 aetas
1059 1392 1168 1443 dicitur.

129 1459 284 1513 Sallustius:
306 1456 420 1508 Seneetn
439 1459 498 1508 iam
516 1470 613 1509 aetate.
646 1458 701 1509 Per
717 1473 747 1510 se
764 1465 859 1509 autem
875 1457 993 1527 plenum
1011 1467 1066 1525 est,
1088 1461 1112 1512 si
1128 1478 1171 1510 se·

130 1541 228 1580 nectus
244 1528 377 1579 dicamus.
411 1527 497 1595 [Nem
512 1526 537 1577 si
554 1538 678 1593 senecta,
701 1533 749 1577 eut
765 1525 924 1578 addendum
947 1535 1038 1594 aetas,
1062 1537 1111 1581 aut
1128 1529 1172 1580 in·

128 1597 319 1666 telligendum.
344 1621 378 1633 -
427 1601 487 1654 166.
512 1594 596 1662 Quod
620 1599 648 1647 si
673 1598 826 1647 immaturo
851 1597 996 1659 manebam
1020 1599 1170 1666 magnifico

75 1672 78 1681 “
127 1674 218 1721 servat
234 1664 380 1729 decorem,
403 1666 478 1732 quod
493 1680 522 1717 se
540 1672 650 1718 revocet
667 1665 702 1716 ad
718 1664 863 1716 heroicam
879 1665 1118 1733 consolationem]
1136 1693 1170 1705 -

128 1741 190 1796 168.
214 1733 368 1784 Ducentem
399 1736 431 1784 in
458 1735 560 1784 lotium
585 1734 708 1785 Teucros
734 1734 868 1784 cecidisse
894 1735 1020 1799 iuvabit,-
1055 1735 1168 1788 lucrum

127 1802 333 1874 quodammodo
358 1811 449 1870 putat,
473 1802 640 1874 impendisse
664 1819 716 1872 pro
733 1803 890 1854 amicorum
912 1803 1045 1856 felicitate
1071 1805 1169 1869 lilium,
1201 1804 1209 1819 ''

127 1874 175 1942 qui
193 1872 278 1924 morti
294 1873 386 1924 fueret
402 1871 504 1924 acerbo
520 1873 620 1925 funere
636 1872 760 1924 fataliter
777 1871 891 1922 debitus.
927 1872 974 1938 [Et
990 1883 1031 1924 est
1048 1891 1065 1924 α
1081 1875 1169 1941 quali-
1204 1830 1209 1919 i

125 1952 183 1994 tate
206 1940 336 1994 beneficii
357 1938 511 2004 solatium]
534 1966 569 1978 -
617 1947 678 1998 159.
701 1939 769 1990 Non
800 1942 860 1990 alio
885 1941 987 2008 digner
1010 1955 1034 1992 te
1059 1942 1166 2010 sunere
1205 1930 1209 1999 i

127 2011 224 2075 Pallu;
249 2010 368 2062 latenter
385 2010 432 2062 bic
448 2011 558 2062 Aeneae
576 2009 728 2062 ostenditur
745 2009 847 2077 pietas,
872 2009 966 2077 quiin
984 2011 1068 2062 amici
1084 2013 1167 2064 funus
1207 2008 1209 2039 ³

68 2116 71 2121 ,
124 2089 205 2133 tanta
222 2079 352 2143 contulit,
377 2087 408 2129 ut
423 2086 504 2148 peter
521 2096 566 2130 eru
587 2079 639 2130 lius
655 2087 797 2148 praestare
813 2093 871 2135 non
896 2079 988 2144 possit
1021 2079 1085 2147 [Alii
1102 2081 1165 2147 dig.

126 2168 187 2200 nem
205 2148 301 2216 legunt
326 2149 400 2200 iuxta
422 2159 529 2199 veteres
552 2095 588 2198 ab
613 2163 645 2198 eo
663 2145 738 2214 quod
754 2155 797 2198 est
815 2148 918 2213 digno:
944 2147 1055 2198 Calvus:
1079 2147 1165 2200 Hune
1204 2172 1209 2181 ·

124 2232 204 2270 tanto
224 2234 337 2266 munere
356 2218 453 2284 digna.
487 2216 618 2266 Pacuvius
635 2219 667 2267 iu
682 2215 849 2267 Hermione:
868 2214 938 2266 Cum
956 2233 1043 2283 neque
1062 2235 1103 2268 me
1121 2221 1166 2269 in·
1205 2232 1209 2247 ¹

124 2291 231 2356 spicere
249 2286 381 2352 aequales
405 2286 563 2352 digererent
598 2284 670 2335 Hinc
694 2284 753 2354 ipse
770 2283 900 2352 Virgilius
918 2287 962 2351 (3,
979 2284 1066 2345 475.):
1092 2286 1165 2339 Con·
1201 2320 1204 2327 ·

40 2394 44 2407 .
124 2359 205 2424 iugis
231 2354 357 2404 Anchisa
386 2354 502 2405 Veneris
526 2355 642 2421 dignate
666 2354 793 2420 superbo.
816 2379 851 2390 ·-
895 2361 955 2411 170.
980 2352 1072 2419 Quam
1096 2358 1165 2422 pius
1200 2404 1202 2409 ,

124 2429 250 2486 Aenean
275 2416 351 2475 deest
370 2430 489 2490 quo,ut
504 2422 539 2474 sit
556 2439 641 2489 quam
660 2421 735 2489 qun]
752 2449 787 2460 -
822 2428 883 2480 173.
903 2421 948 2472 Tu
967 2441 1076 2491 quoque
1094 2432 1163 2487 etc.;
1192 2412 1209 2515 (ς

123 2496 151 2564 [i.
170 2514 210 2559 e.,
233 2494 263 2544 in
279 2499 379 2543 trunco
404 2489 548 2556 armatus]
581 2490 657 2542 Sicut
680 2491 725 2542 isti
742 2492 824 2543 duces
843 2490 876 2542 de
894 2491 992 2560 quibus
1010 2492 1079 2545 haec
1096 2502 1164 2546 sunt
1191 2518 1202 2555 1

120 2572 246 2633 tropaea.
280 2561 354 2612 Nem
371 2577 454 2627 supra
471 2559 510 2613 ait
527 2559 607 2626 (83.);
623 2558 797 2627 indutosque
816 2559 893 2611 iubet
912 2573 1027 2612 truncos
1045 2561 1162 2614 hostili·

122 2635 175 2685 bus
194 2632 284 2684 urinis
302 2630 383 2698 Ipsos
394 2630 474 2701 serre
489 2629 584 2680 duces.
602 2654 636 2666 -
672 2632 733 2685 174.
750 2628 831 2680 Esset
847 2648 901 2696 par
917 2641 1011 2693 aetas,·
1029 2631 1071 2683 vel
1087 2649 1163 2698 mes,
1190 2630 1195 2637 '

120 2701 164 2755 vel
179 2701 245 2764 lilii,
265 2714 333 2750 nom
351 2700 387 2752 ed
403 2707 553 2768 utrumque
570 2705 660 2769 potest
680 2699 790 2750 referri.
807 2724 843 2736 -
879 2705 939 2757 175·
957 2699 1097 2752 Demiror
1115 2698 1182 2753 ess-¹
1203 2732 1208 2747 ,

121 2773 191 2836 mis,-
215 2770 251 2834 ab
272 2770 377 2820 armis.-
403 2777 431 2820 et
446 2768 500 2820 hoc
518 2766 626 2818 videtur
643 2767 750 2818 dicere:
773 2767 941 2820 Dimittendi
958 2776 1021 2818 sunt
1038 2769 1164 2837 Troiani,
1204 2824 1209 2834 ,

120 2847 151 2889 ut
174 2844 266 2889 morte
284 2837 384 2889 Turni*
397 2837 513 2888 satisfiet
536 2834 676 2886 doloribus
701 2836 787 2900 meis,
810 2835 988 2903 quodetiam
1006 2839 1181 2905 posteriora.
1200 2872 1209 2903 ,ς

119 2907 336 2977 significent-
371 2911 432 2963 179.
448 2905 562 2956 Meritis
581 2913 647 2966 etc.;
669 2904 740 2956 nihil
764 2913 805 2956 est
827 2905 902 2957 aliud
919 2906 994 2974 quod
1018 2907 1101 2975 possit
1118 2906 1165 2961 vel
1204 2964 1209 2972 ,

119 2980 204 3029 virtus
220 2988 283 3040 tue,
307 2975 349 3027 vel
365 2976 479 3026 fortuna
496 2981 653 3044 praestere;
678 2991 745 3025 nam
761 2973 804 3024 bis
821 2973 904 3025 rebus
922 2974 1035 3025 victoria
1052 2976 1162 3029 contiu-
1199 3010 1209 3047 -·.

55 3050 64 3111 ¹,
119 3047 175 3114 git3
199 3044 253 3096 nisi
270 3051 302 3094 ut
318 3043 408 3094 occiso
426 3043 538 3107 Turno,
556 3049 584 3094 et
599 3042 720 3094 vindices
737 3042 841 3108 filium,
866 3050 894 3095 et
910 3049 1022 3113 patrem
1038 3045 1164 3097 console·
1180 3078 1206 3114 ,ξ

117 3115 158 3166 ris
181 3113 321 3165 orbatum.
338 3139 374 3150 --
409 3117 470 3169 181-
487 3111 540 3162 Sed
565 3123 631 3162 nato
651 3120 721 3173 etc.;
743 3129 777 3164 ac
795 3113 819 3163 si
836 3112 956 3178 diceret,
979 3112 1052 3164 hanc
1070 3114 1161 3165 solem
1182 3130 1209 3191 ’1,

118 3199 176 3236 esse
194 3198 322 3246 causam,
338 3196 410 3249 quae
428 3195 494 3232 eum
510 3189 593 3247 cogat
610 3181 646 3232 ed
662 3181 735 3232 vitne
752 3181 930 3249 patientiam,
949 3189 979 3230 ut
995 3181 1051 3232 filio
1070 3181 1162 3237 Turni
1180 3194 1203 3254 q,

118 3251 263 3304 nuntietur
278 3250 413 3302 interitus.
430 3275 466 3285 -
500 3254 562 3306 183.
578 3249 747 3304 Eetulerent
764 3251 868 3314 lucem,·
893 3250 1000 3301 Asinius
1016 3251 1103 3303 Pollio
1117 3250 1163 3317 gli.
1179 3272 1208 3319 'au

117 3321 171 3385 cit,
202 3319 305 3386 ubique
328 3318 476 3385 Virgilium
507 3317 538 3369 in
565 3319 620 3370 diei
642 3319 733 3372 deseri
752 3320 828 3371 tione
851 3334 1013 3371 sermonem
1036 3319 1162 3387 aliquem
1181 3323 1208 3399 ,ti

117 3402 223 3457 ponere
240 3395 338 3455 aptum
355 3385 546 3454 praesentibus
562 3387 660 3451 rebus,
684 3396 716 3449 ut
731 3338 785 3441 iioc
802 3388 878 3439 loco:
902 3389 966 3457 quia
983 3390 1115 3440 funerum
1131 3389 1209 3451 et

115 3457 323 3526 sepulturarum
340 3472 384 3507 res
402 3456 511 3520 agitur,
526 3455 594 3507 dicit
610 3457 766 3520 extuleras,-
793 3458 870 3524 [nani
889 3466 917 3510 et
934 3456 1047 3525 efferre,
1065 3466 1106 3508 est
1123 3457 1161 3511 ed
1178 3460 1207 3525 rs·

115 3527 287 3594 sepulturam
305 3526 388 3576 ferre.
423 3525 570 3576 Terentius
587 3525 679 3592 (Andr.
695 3526 783 3590 1,1.):
800 3525 942 3594 Effertur,
961 3523 1055 3590 nnus]
1088 3527 1164 3578 item

115 3596 145 3648 in
163 3611 267 3662 quatro
284 3593 383 3660 (581),
427 3593 472 3643 uie
497 3600 539 3643 est
558 3593 737 3662 navigaturus
753 3596 873 3660 Aeneas,
897 3603 925 3647 et
948 3594 1095 3645 relicturus
1112 3593 1164 3647 Di·
1173 3600 1205 3649 1

83 3726 85 3731 Ι
114 3664 233 3729 donem,
258 3663 338 3715 dicit:
365 3610 484 3712 Tiiioni
508 3678 635 3713 croceum
660 3664 774 3730 liquens
798 3680 905 3715 eurora
930 3664 1030 3714 cubile.
1078 3656 1205 3731 Quodis]-

114 3733 181 3784 licet
204 3731 378 3802 superfluum
402 3730 451 3796 sit,
475 3728 504 3781 iu
529 3731 622 3782 multis
646 3739 744 3784 temen
767 3733 835 3784 locis
859 3732 998 3789 invenitur
1023 3733 1166 3800 [necessse
1188 3723 1209 3754 ⁴·

114 3798 211 3864 rium]
245 3800 363 3851 Miseris
389 3799 573 3860 enormibus,
596 3799 644 3868 qui
665 3810 729 3851 suut
751 3801 869 3858 subiecti
891 3809 934 3851 tot
955 3800 1071 3852 casibus.
1187 3794 1209 3873 ,ζ’

115 3884 210 3921 merus
228 3868 269 3935 (11.
286 3884 317 3930 χ,
337 3866 404 3927 3111
422 3865 539 3921 Δειλοῖσι
555 3873 692 3938 βροτοῖσι,
710 3870 728 3921 i.
746 3890 770 3922 e.
788 3869 896 3923 miseris
913 3866 1088 3935 mortalibus,
1104 3886 1140 3920 no
1187 3876 1195 3888 “

115 3938 234 4003 timidis,
251 3939 327 4006 [cum
344 3931 431 3989 desitis
449 3945 477 3990 et
494 3940 644 4005 miserum,
661 3948 689 3993 et
706 3941 839 3997 timidum
858 3936 1013 4007 significat]
1029 3964 1064 3975 -
1085 3943 1115 3995 ¹1
1132 4009 1136 4017 Ι
1184 3931 1209 4026 ἐξ

117 4006 230 4071 Opera,
254 4014 336 4072 atoue
360 4007 488 4069 laborem
515 4006 567 4059 boe
593 4025 664 4076 opus
688 4017 717 4060 et
740 4009 918 4149 λαισμιίἒξνα
943 4016 1008 4058 tunc
1034 4006 1121 4058 dicim

116 4073 227 4145 quando
249 4073 394 4144 negotium
416 4075 511 4144 ipsum
534 4078 609 4146 quud
631 4076 755 4148 geritur,
774 4078 798 4131 si
840 4078 845 4088 '
884 4092 971 4131 amus.
1011 4074 1040 4128 Si
1063 4083 1134 4155 ‘²¹¹‘ss
1180 4132 1209 4166 ,-
