2430 4620
189 300 191 304 '
250 321 284 360 u
309 250 935 374 vinoie.oeona.1,3ooss-·iio.·
1038 304 1135 375 aas,
1208 381 1212 389 ,

70 492 101 536 et
118 484 186 536 isset
203 484 239 549 ad
256 484 455 537 consulendum
472 483 629 553 Apollinem
647 482 682 533 de
697 489 769 533 statu
786 482 868 550 regni
886 482 943 547 sui,
965 483 1112 550 naufragio

66 553 164 625 periit.
201 554 286 604 Cuius
304 569 403 637 cornus
421 569 485 603 eum
509 553 545 603 ud
568 568 682 604 uxorem
698 551 892 620 [Halcyo'nem]
910 551 1032 603 delatum
1049 554 1113 603 iuis·
1146 592 1150 603 .

70 631 130 685 set,
156 622 205 673 illa
224 640 252 674 se
271 622 461 690 praecipitavit
477 623 507 672 in
524 621 644 688 pelagus.
679 623 775 673 Postea
793 618 973 673 miseratione
991 622 1115 673 Thetidis
1182 636 1185 641 ·

68 699 99 743 et
117 691 245 742 Luciferi
263 692 386 744 conversi
404 699 467 740 sunt
483 691 566 741 ambo
584 692 613 740 in
632 706 692 740 aves
710 692 848 756 marinus,
872 707 943 758 quae
961 690 1136 757 Ῑιιιίσγοηεε1

67 768 215 814 vocantur.
250 758 321 812 Sane
336 759 490 824 ⁴sciendum
514 767 567 822 est,
591 759 679 825 quod,
704 776 767 809 cum
793 760 828 821 de
853 760 973 823 muliere
991 756 1126 825 dicimus,'

67 829 138 880 baec
156 826 307 896 Halcyone
324 830 405 881 facit:
423 828 495 878 Cum
513 829 547 879 de
565 828 675 891 avibus,
693 828 739 880 bic
758 840 782 878 et
800 828 867 879 baec
885 828 1023 896 halcyon,
1040 828 1071 878 lti
1089 838 1114 877 et

68 897 122 948 bac
142 897 304 965 halcyones.
340 899 410 948 Istae
433 905 529 948 atatem
555 912 616 947 aves
640 897 718 947 nidos
742 898 849 948 faciunt
871 899 901 950 in
926 900 1000 949 mari
1019 897 1114 948 media

68 967 174 1020 hieme.
197 966 317 1034 'Quibus
333 967 432 1018 diebus
446 973 523 1017 tanta
542 972 582 1015 est
604 966 802 1045 tranquillitas,
825 975 856 1017 ut
873 969 981 1036 penitus
997 966 1067 1019 nibil
1082 965 1115 1017 in

69 1037 146 1087 mari
162 1037 255 1104 posuit¹
265 1036 378 1088 moveri.
411 1035 478 1087 Inde
495 1035 581 1086 etiam
598 1034 656 1085 dies
673 1037 725 1105 ipsi
743 1034 908 1101 llalcyonia
926 1035 1114 1093 nominantur.

73 1104 144 1169 Non
160 1124 207 1157 οτι
226 1107 351 1170 solutos,·
375 1103 480 1156 seilicet
502 1102 666 1169 manipulos.
701 1102 752 1154 Alii
776 1106 867 1156 soluto
896 1121 942 1156 ore
966 1104 1115 1174 accipiunt,

74 1174 138 1234 ie.
154 1175 272 1226 nimium
291 1174 403 1244 patenti.
421 1201 454 1211 -
496 1178 558 1229 400.
575 1172 722 1223 Immundi
741 1182 848 1239 autem,
871 1172 928 1224 luto
953 1175 1114 1241 gaudentes.

70 1242 204 1295 Horatius
225 1245 322 1311 (Epist.
341 1252 371 1305 1,
389 1251 420 1307 2,
439 1241 509 1303 QGJ:
532 1241 568 1291 Et
593 1244 686 1292 amica
705 1244 764 1294 luto
784 1260 842 1294 sus.
860 1268 894 1279 -
916 1248 997 1298 ¹401.
1015 1243 1114 1308 Magis

71 1314 134 1362 ima
150 1324 260 1379 petum
286 1311 481 1380 deprimuntur
500 1310 534 1361 ad
553 1311 641 1363 valles.
660 1339 693 1347 -
734 1318 797 1369 403.
814 1311 1010 1380 Nequicquam
1034 1320 1114 1361 serat
1165 1304 1168 1314 ¹

69 1394 179 1441 exercet
197 1393 299 1434 noctua
316 1393 432 1441 cantus;
456 1379 474 1430 i.
493 1398 516 1431 e.
532 1396 597 1430 non.
632 1379 737 1431 Persius
763 1388 806 1448 (2,
825 1383 892 1441 51).·
916 1380 1112 1447 Nequicquam

66 1451 163 1518 furiale
183 1448 307 1518 suspirat
326 1467 458 1500 nummus
478 1451 510 1499 in
529 1452 595 1500 imo.
627 1450 698 1501 Item
716 1451 844 1517 Virgilius
862 1451 901 1517 (A.
918 1464 950 1514 2,
968 1453 1053 1510 646.):
1076 1449 1112 1501 Et

68 1538 181 1572 summo
209 1522 299 1588 clypei
324 1522 508 1586 nequicquam
534 1518 653 1569 umbone
677 1517 832 1585 pependit]
881 1518 993 1570 Noctua
1017 1524 1113 1571 autem
1167 1536 1170 1541 ·

68 1590 124 1656 avia
148 1586 195 1641 ἐπ’
214 1588 351 1656 lucifuga:
375 1605 447 1657 quae
469 1587 605 1656 significat
628 1589 747 1654 pluvium
771 1588 794 1639 si
817 1588 950 1640 cecinerit
974 1596 1033 1657 post
1049 1587 1112 1638 solis

69 1674 212 1711 occasum.
264 1658 307 1710 De
331 1658 383 1709 bac
407 1666 502 1709 autem
533 1655 593 1706 talis
618 1665 657 1708 est
680 1657 782 1709 fabulo.
830 1654 995 1724 Nyctimene
1019 1656 1114 1723 (codd.

68 1725 253 1795 Nyctimene)
277 1735 422 1797 postquam
447 1742 513 1777 cum
537 1733 615 1794 patre
633 1726 796 1787 concubuit,
821 1732 850 1776 et
872 1727 983 1792 agnovit
1006 1725 1113 1776 facinus

70 1812 146 1849 esse:
163 1799 196 1848 in
212 1796 282 1847 silvis
299 1814 329 1847 se
348 1795 467 1847 abdidit:
486 1803 513 1846 et
530 1795 621 1844 lucem
638 1795 754 1859 refugit:
774 1793 820 1843 ubi
839 1795 955 1846 deorum
973 1796 1112 1846 voluntate

69 1881 206 1917 conversa
231 1873 271 1916 est
294 1865 324 1916 in
349 1882 444 1916 avem:
467 1880 539 1930 qliae
557 1879 607 1931 pro
633 1869 710 1914 tanto
729 1863 852 1914 iocinore
871 1864 999 1914 omnibns
1017 1863 1112 1914 avibus

68 1942 110 1985 est
134 1930 318 1986 admirationi
342 1932 467 1999 (Dorvill.
486 1933 659 1994 eliminat).
675 1960 709 1968 -
743 1936 805 1988 404.
828 1931 965 1983 Sublimis
991 1935 1022 1983 in
1047 1937 1112 1981 a'e're

10 2022 19 2059 ¹.
67 2001 182 2065 Nisus;
200 2002 279 2053 Nisus
296 2021 343 2055 rex
361 2003 579 2070 Megarensium,
596 2009 676 2070 pater
693 1998 797 2067 Scyllae
816 2000 856 2067 [in
868 2003 952 2054 avem
970 1999 1112 2063 matema]

10 2070 23 2139 ³,
67 2070 102 2125 de
129 2088 188 2141 quo
212 2071 317 2142 plenius
340 2072 370 2123 in
394 2071 527 2120 Bucolicis
551 2075 599 2136 (6,
615 2069 670 2128 74.)
694 2069 818 2120 diximus.
835 2097 869 2107 -
890 2072 891 2077 ’
910 2077 973 2128 405.
988 2070 1040 2139 [Po
1058 2086 1112 2120 nas

10 2150 24 2237 ἶ
69 2142 136 2205 dat;
162 2141 323 2193 adversante
340 2139 392 2191 sibi
410 2148 495 2210 patre.
531 2138 618 2205 Scylla
635 2139 758 2189 eiusdem
776 2138 836 2188 Nisi
852 2137 923 2206 filia,
948 2156 1019 2206 quae
1038 2139 1112 2206 patri

67 2226 119 2261 auo
146 2208 296 2262 abscissam
319 2224 431 2259 comam
455 2224 625 2277 purpuream
643 2207 733 2261 Minoi
758 2207 856 2258 obtulit
879 2217 976 2260 contra
1000 2217 1112 2276 putrem

10 2300 19 2339 ῑ
60 2279 225 2349 pugnanti,
249 2287 276 2329 et
301 2278 365 2330 inde
390 2278 419 2329 in
444 2294 522 2328 avem
545 2293 675 2328 coaeversa
699 2285 753 2328 est:
778 2293 845 2344 quas
868 2295 930 2329 aves
947 2278 1014 2330 dicit
1036 2294 1111 2328 nunc

10 2364 20 2377 ·
69 2348 214 2409 discordes
230 2347 313 2399 nimis
330 2364 387 2400 esse
408 2347 482 2399 inter
503 2363 540 2397 se.
560 2371 593 2382 -
627 2351 689 2404 406.
707 2344 848 2414 Fugiens3
873 2353 982 2414 patrem
1000 2348 1111 2399 scilicet.

10 2458 13 2465 .
72 2416 208 2475 dathum
231 2422 387 2469 aerem-
421 2424 482 2472 407.
502 2415 604 2480 Atroa3
631 2415 749 2466 crudelis
766 2423 794 2467 et
810 2415 934 2469 immitis.
968 2417 1113 2479 Stridore5

71 2482 167 2538 'sonitu
184 2485 311 2555 alarum]
328 2513 363 2522 -
405 2489 467 2541 410.
487 2484 558 2534 Tum
584 2485 712 2552 liquidas
731 2489 809 2536 corvi
826 2504 922 2552 presso
941 2497 982 2537 ter
997 2499 1111 2553 gutture

10 2552 27 2613 Γ
74 2573 170 2620 voces,
201 2555 258 2606 Aut
282 2566 381 2621 quater
405 2557 597 2622 ingeminatam
629 2555 663 2605 de
693 2557 780 2603 corvis
806 2556 908 2607 Plinius
937 2554 966 2605 in
990 2554 1111 2606 naturali

10 2600 19 2679 i
72 2622 193 2676 historia
206 2626 259 2676 boc
272 2624 352 2688 dicit,
369 2639 416 2674 eos
430 2639 487 2674 esse
503 2623 655 2685 obliviosos,
672 2629 700 2674 at
712 2623 876 2692 plerumque
889 2624 1008 2675 minime
1020 2625 1054 2676 ad
1069 2625 1110 2674 ui-

10 2694 19 2749 l
78 2692 126 2744 dos
142 2708 206 2745 suos
222 2694 330 2745 reverti.
365 2691 418 2743 Sed
432 2692 551 2760 quadam
569 2693 676 2743 ratione
694 2698 810 2744 naturae
827 2695 895 2744 baec
914 2692 947 2743 ad
966 2708 1027 2742 suos
1044 2704 1111 2742 con-

10 2756 20 2831 l
77 2762 179 2829 gerunt
197 2762 301 2825 ¹nidos,
330 2778 400 2829 quae
424 2778 530 2812 vermes
560 2762 665 2829 possint
694 2758 802 2813 c'reare:
833 2779 864 2814 ex
889 2761 988 2829 quibus
1020 2760 1111 2812 relicti

10 2836 19 2895 ζ.
77 2847 176 2882 eorum
193 2832 261 2898 pulli
277 2831 387 2881 aluntur
405 2828 552 2881 interdum.
585 2832 693 2880 Horum
719 2831 884 2882 oblivionem
907 2830 1007 2900 probat
1024 2831 1110 2883 etiam

10 2908 19 2955 Γ
76 2915 109 2952 ex
128 2902 228 2968 rebiu,
259 2917 327 2969 quas
353 2915 419 2950 cnm
448 2898 656 2964 absconderint,
687 2897 893 2968 derelinquunt:
922 2900 995 2966 quod
1025 2901 1110 2951 etiam

104 3104 155 3157 401)
185 3106 210 3144 G.
224 3103 272 3144 solis
286 3118 384 3143 oceasum.
411 3103 488 3143 Probus
503 3103 542 3148 ait,
562 3102 578 3140 si
592 3102 613 3141 in
628 3104 684 3142 tectis
698 3104 732 3141 vol
747 3104 849 3142 arboribus
863 3104 908 3143 altis
922 3112 992 3150 canat,
1012 3108 1111 3147 aaronita·

160 3171 203 3202 tem
216 3163 318 3213 significat,
333 3163 349 3200 ai
362 3161 384 3199 in
397 3160 527 3199 foraminibus
541 3160 575 3198 vel
588 3161 704 3199 ramuseidis
719 3186 785 3199 ......
800 3163 945 3213 (tempestatem
959 3165 1069 3215 signifieat)
1085 3168 1110 3206 da

157 3222 198 3259 bae
212 3228 250 3258 ete.

103 3298 155 3351 403)
184 3303 207 3339 ln
221 3301 260 3338 fine
277 3300 314 3338 Gn
335 3298 445 3349 Nyctimon
465 3298 530 3346 Epnti
546 3297 588 3334 filia
611 3298 729 3336 a‘Cornubo
747 3299 826 3349 hospite
846 3312 958 3350 compressa
979 3300 1029 3340 iram
1048 3302 1110 3352 putris

160 3365 252 3398 metuens
266 3358 287 3395 in
301 3356 372 3394 silvam
386 3355 484 3404 profugit,
505 3368 555 3404 quae
571 3355 706 3393 misericordie
720 3355 826 3407 Minervae
839 3356 861 3394 iu
874 3365 968 3396 noctuam
982 3366 1058 3399 misem
1073 3369 1110 3399 «ιη,

1046 3416 1052 3431 Ι

102 3436 155 3489 404)
183 3441 252 3477 idem:
271 3437 346 3480 Nisus,
366 3443 424 3485 pater
444 3437 529 3485 Scyllae.
557 3438 616 3475 lluec
637 3439 714 3488 Scyllae
734 3439 827 3483 suerunt,
846 3452 887 3476 una
905 3440 964 3478 Furci
983 3449 1003 3479 ot
1017 3442 1129 3483 cretiana..

161 3494 315 3546 (eraclianam)
330 3495 438 3543 Nymphae
452 3493 492 3529 filia
507 3494 555 3537 snit,
576 3496 637 3532 altera
651 3494 698 3533 Nisi
712 3496 762 3544 regis
777 3496 824 3539 lilia,
838 3503 907 3538 cautu
922 3511 980 3546 quem
995 3512 1055 3551 quum
1071 3501 1110 3538 da-

160 3553 221 3592 vittis
241 3550 398 3592 Atheniensibus
424 3558 521 3598 pugnuret
539 3551 606 3588 Minos
626 3559 709 3602 propter
732 3553 768 3590 filii
788 3553 890 3603 Androgei
909 3554 1023 3600 interitum,
1050 3569 1109 3605 quem

158 3610 296 3651 Atlianienses
317 3615 337 3644 et
350 3608 477 3655 Megarenses
498 3609 654 3655 circumventum
674 3609 721 3647 dolo
747 3618 880 3655 iteraverunt,
907 3618 984 3649 amatus
1005 3626 1016 3648 ι
1036 3613 1108 3661 Scylla,

160 3667 209 3708 Nisi
223 3667 275 3710 lilia,
295 3678 345 3714 quim
359 3671 382 3701 ul
395 3663 448 3700 hosti
461 3666 550 3712 placeret
564 3679 640 3702 comam
661 3667 723 3714 putris
737 3680 857 3716 peirpuream
873 3668 979 3706 abscissam
994 3668 1012 3704 ei
1026 3667 1110 3706 abstulit

160 3725 266 3770 (stadim
286 3735 345 3771 quam
360 3720 422 3758 Nisus
436 3720 463 3758 iu
477 3722 575 3759 habuerat
589 3730 735 3769 consecratum,
756 3730 778 3761 ut
797 3724 873 3762 tamdiu
892 3732 992 3774 regnaret,
1013 3725 1108 3773 quamdiu

158 3781 217 3819 illam
230 3779 334 3817 habuisset
346 3778 454 3823 intaetoms
473 3786 543 3827 postea
560 3780 596 3817 illa
611 3795 621 3817 a
636 3781 705 3818 Mino'd
719 3781 863 3819 condemnatur
876 3780 1018 3832 (contemptu),
1039 3782 1108 3817 dolore

159 3834 188 3877 in'
197 3850 256 3875 avem
271 3849 367 3873 eutiversa
382 3842 418 3879 est,
433 3842 453 3872 et
467 3835 529 3872 uisus
542 3836 664 3882 exstinctos,
680 3838 778 3886 (deorum)
794 3838 919 3876 miseratione
933 3837 954 3874 in
969 3840 1012 3874 uria
1026 3850 1109 3885 pennu-

160 3902 215 3933 totus
236 3895 289 3942 (avia
304 3894 407 3932 Piscaries
421 3892 519 3938 incitatus)
540 3899 569 3930 est
589 3894 683 3938 sormam,
704 3908 755 3944 quae
776 3908 823 3932 aves
842 3895 894 3932 inter
914 3909 935 3932 se
951 3896 1033 3943 flagrent
1047 3892 1107 3930 hodia
1133 3896 1138 3905 ¹

160 3965 232 4002 magna
253 3948 359 3988 diicardia.
387 3953 480 4001 Apparet
494 3962 550 3999 neq.‚·
570 3950 616 3998 quia
635 3952 685 3990 hacc
704 3952 748 3990 svin
763 3952 828 4000 Scylla
847 3951 944 4000 signifieat
963 3956 1107 3999 tempestatem,

158 4017 184 4047 ut
197 4016 277 4046 noctua.
291 4007 383 4046 aiveillo
397 4020 455 4043 seusu
470 4012 554 4053 apparet
568 4006 695 4056 intelligitur,
717 4008 760 4049 atie
773 4007 883 4062 significatu
897 4005 1108 4062 tempestatemque

158 4067 218 4119 pluet
230 4066 257 4105 dc
272 4065 340 4111 coelo,
355 4070 376 4103 ct
388 4076 429 4103 noa
442 4061 555 4114 adiungitur
568 4066 708 4119 nequicquam·
1077 4076 1079 4080 '
