2430 4620
187 296 225 339 m
247 274 406 341 vireu.
427 232 602 339 annaio.
624 272 707 338 ns.
729 271 786 354 xi,
809 241 964 345 sii-ss.
1079 282 1102 349 e

60 460 190 533 quicquid
213 461 339 517 hostibus
355 462 468 517 tollitur.
502 462 582 515 Unde
605 471 647 515 est
670 460 818 530 (6,168.):
842 460 992 528 Postquam
1018 460 1103 512 illum

56 536 114 582 vita
133 533 229 582 vietor
247 533 384 598 spoliavit
400 532 532 583 Achilles.
567 533 631 600 [Alii
654 542 784 599 equos'et
801 531 855 581 tela
875 532 976 597 quibus
996 532 1104 597 spolia·

53 612 135 652 verat
158 600 283 664 hostem,
315 601 350 653 ad
371 600 525 653 Pallantem
552 601 645 652 volunt
668 609 779 651 tantum
802 600 958 670 pertinere,
983 600 1048 667 quia
1072 599 1103 651 in

53 669 183 737 Antiquis
197 668 356 740 Disciplinis
372 672 492 721 relatum
510 678 564 721 est:
582 669 662 735 Quae
681 673 799 738 quisque
815 672 917 718 virtute
936 679 1102 718 ornamenta

56 750 232 789 consecutus
251 751 329 802 esset,
348 753 379 789 ut
397 756 428 789 ea
448 751 588 789 mortuum
608 757 669 787 eum
690 740 914 790 condecorarent.
949 737 1104 788 Sallustius:

53 807 174 861 Eruant
191 810 285 857 armis
302 806 456 874 equisque]
469 835 504 843 —
538 813 582 864 81.
597 807 710 859 Umbris
729 808 869 873 inferias,-
887 807 1016 875 proprie3
1032 820 1103 857 nam

57 877 186 945 inferiae
211 884 276 927 sunt
298 892 376 927 saera
401 884 585 927 mortuorum.
608 903 642 913 -
686 883 731 933 82.
757 876 843 927 Caeso
868 878 1026 940 sanguim
1050 890 1102 944 pro

57 962 217 996 caesorum.
252 945 290 994 Ut
302 961 400 1012 supra:
420 945 590 1011 Captivoque
606 947 670 1012 rogi
687 946 841 1014 perfundet
860 946 1002 1010 sanguine
1013 943 1103 1013 flam·

57 1033 135 1076 mas;
161 1018 226 1079 (nec
252 1013 329 1065 enim
352 1015 462 1082 sanguis
486 1013 630 1075 caeditur.)
649 1040 683 1052 ·-
726 1018 770 1069 84.
796 1014 877 1080 Ipsos
895 1014 975 1081 ferre
1001 1016 1102 1079 duces3

58 1098 119 1133 suos
136 1082 262 1146 scilicet,
284 1082 331 1150 qui
348 1082 401 1135 illis
424 1082 500 1134 mille
518 1091 675 1150 praeerant.
709 1082 811 1134 Melius
833 1090 928 1132 tamen
948 1089 1002 1146 est,
1025 1081 1104 1133 iubet

60 1159 169 1203 truncos
187 1153 268 1202 ferre
284 1152 356 1219 ipsos
375 1150 472 1216 duces,
493 1152 511 1203 i.
530 1170 554 1203 e.
571 1152 674 1202 dueum
690 1151 791 1221 spolia,
815 1159 846 1200 ut
863 1164 992 1216 tropaea,
1017 1150 1103 1200 duces

65 1219 135 1288 ipsos
149 1220 259 1270 dixerit.
293 1220 369 1270 Sicut
385 1236 466 1289 supra
484 1221 563 1283 (10.):
580 1220 773 1287 Maniliusque
792 1223 861 1269 meis
878 1218 1037 1269 Mezentius
1056 1218 1103 1269 hio

65 1300 116 1354 est,
132 1288 176 1355 [de
194 1296 330 1355 tropae03
355 1287 436 1339 duces
454 1297 560 1353 autem,
579 1297 609 1338 nt
625 1290 756 1340 Halesum
774 1296 802 1340 et
819 1289 953 1339 eiusmodi
972 1303 1039 1354 quos
1058 1304 1104 1338 oc·

62 1357 165 1408 rideret
181 1356 290 1420 Pallas,
314 1356 397 1407 duces
414 1358 465 1424 ipsi
483 1365 642 1427 portarent,
667 1374 733 1408 nem
751 1358 854 1408 ducum
877 1359 969 1408 suerat
985 1364 1103 1423 tropaea

57 1434 189 1492 portare,
219 1433 251 1474 ut
276 1426 379 1476 habeat
402 1436 481 1493 pater
507 1426 635 1476 solatium
662 1428 696 1478 de
725 1426 836 1476 victoria
866 1425 930 1488 filii,
961 1432 989 1475 et
1012 1425 1103 1477 honor

58 1494 154 1545 funeri
170 1492 308 1558 accedat]
343 1495 518 1563 inimicaque
534 1497 650 1544 nomine
659 1496 736 1562 figi,
754 1511 804 1563 pro
821 1496 1020 1557 inimieorum,-
1037 1494 1105 1545 dreit

57 1570 154 1614 erstem
171 1561 268 1613 affixos
285 1568 405 1631 tropaeis
427 1566 520 1613 titulos
545 1580 609 1613 cum
632 1564 792 1615 nominibus
811 1566 973 1612 occisorum.
990 1589 1025 1598 -
1060 1567 1104 1621 85.

57 1630 187 1681 Ducitur
208 1630 314 1699 infelix
334 1649 399 1683 aevo
427 1631 567 1700 confectus
586 1634 694 1682 Acestes
703 1656 712 1696 ,·
741 1632 818 1700 quasi
843 1632 890 1699 qui
914 1639 1105 1682 consternatus

59 1700 151 1751 nimio
169 1700 268 1751 dolore
286 1700 328 1751 ire
345 1717 402 1751 non
418 1708 534 1769 poterat.
570 1702 606 1751 Et
633 1702 703 1753 bene
728 1717 760 1751 ex
782 1716 879 1751 rerum
897 1702 1105 1770 permutatione

58 1770 195 1839 expressit
219 1767 321 1818 doloris
345 1770 566 1836 magnitudinem
585 1770 692 1835 dicens,
714 1770 753 1820 ita
778 1769 894 1820 doluisse
910 1772 1049 1832 Acestem,
1073 1775 1105 1818 ut

18 1884 23 1889 .
57 1854 151 1908 paene
170 1854 273 1888 carens
289 1837 412 1889 humano
430 1854 509 1888 sensu
526 1855 576 1907 per
593 1855 621 1889 se
639 1839 681 1890 ire
700 1854 755 1889 non
767 1845 879 1904 posset,
897 1845 927 1889 et
943 1853 1046 1905 equum
1062 1837 1103 1888 ite

10 1942 13 1947 -
57 1907 178 1957 sensisse
201 1905 348 1955 interitum
368 1906 493 1969 domini,
521 1914 552 1954 ut
573 1907 602 1957 in
628 1906 782 1958 humanum
806 1906 942 1973 migraret
963 1909 1104 1957 affectum.

58 1976 133 2027 Nam
154 1983 184 2026 et
199 1974 373 2041 lacrymabat
385 1982 412 2025 et
424 1981 521 2040 sponte
537 1975 702 2042 sequebatur
716 1975 841 2025 cadaver.
876 1977 923 2042 [Et
939 1974 1020 2040 bene,
1037 1990 1104 2026 cum

58 2043 185 2097 hominis
204 2043 240 2093 sit
258 2046 313 2108 ire,
330 2043 394 2112 equi
413 2045 527 2107 ducere,
544 2043 688 2095 hominem
706 2052 800 2095 autern
818 2045 885 2093 duci
902 2044 955 2107 ait,
971 2044 1006 2094 de
1024 2059 1104 2111 equo,

57 2114 85 2163 It
101 2110 294 2179 lacrymans]
312 2140 347 2150 —-
381 2118 424 2169 86.
441 2112 586 2176 Foedons3
613 2113 654 2165 vel
670 2120 831 2175 cruentans,
855 2112 896 2163 vel
918 2113 1051 2163 lacerans.
1069 2138 1105 2151 -

57 2189 103 2241 87.
122 2182 250 2243 Terrae,
268 2181 285 2231 i.
303 2200 328 2232 e.
345 2181 375 2233 in
393 2190 508 2231 terram.
542 2182 589 2248 [Et
604 2181 721 2250 figurate
738 2182 868 2232 sternitur
884 2189 985 2245 terrae,
1004 2188 1034 2229 ut
1051 2186 1105 2247 (12,

22 2294 27 2301 .
58 2252 151 2312 3823:
179 2250 381 2317 Truncumque
406 2251 519 2317 reliquit
544 2268 654 2301 arenae.
671 2279 706 2289 —-
741 2255 784 2306 88.
803 2249 936 2320 Perfruor
961 2254 1104 2316 sanguine

57 2337 186 2384 currus,
212 2328 261 2369 aut
279 2320 464 2387 captivorum,
483 2326 530 2369 aut
547 2318 631 2387 ipsius
649 2320 785 2371 Pallantis.
804 2344 838 2357 -·
873 2325 916 2375 89.
935 2317 999 2368 Post
1017 2320 1103 2370 bellu-

56 2402 105 2440 ror
123 2402 233 2457 equus,
251 2388 381 2439 militaris
398 2390 474 2438 euim
492 2388 651 2456 disciplinae
667 2389 734 2453 fuit,
757 2395 788 2436 ut
805 2404 890 2455 equus
908 2402 993 2455 usque
1011 2389 1046 2438 ad
1063 2405 1106 2440 se·

56 2458 217 2525 pulchrum
236 2456 396 2521 duceretur,
414 2458 537 2525 armiger
555 2474 683 2525 perversa
700 2472 780 2509 arma
798 2463 925 2522 gestaret,
942 2454 1014 2508 unde
1032 2457 1104 2508 hauc

56 2526 297 2578 consuetudinem
314 2525 422 2575 videtur
439 2531 519 2594 poeta
537 2524 676 2590 servasse]
712 2525 816 2576 Positis
836 2526 1002 2592 insignibus
1010 2549 1019 2590 5
1045 2527 1105 2577 sine

58 2596 198 2663 phaleris.
215 2621 249 2631 -
286 2601 329 2650 90.
346 2594 372 2642 It
390 2595 568 2661 lacryniuns;
592 2594 666 2662 quod
690 2601 782 2645 autem
800 2611 904 2660 equum
922 2592 989 2645 dicit
1011 2596 1104 2662 lacry-

58 2683 158 2729 mare,
183 2680 241 2714 non
258 2663 363 2712 mirum
381 2672 436 2727 est,
458 2680 523 2713 curn
540 2664 676 2714 Homerus
702 2664 787 2714 etiam
805 2664 976 2714 divinantem
993 2663 1105 2715 induxe-

57 2734 108 2785 rit.
147 2733 304 2800 [Xanthum
323 2746 425 2798 equum
442 2732 552 2781 Achillis
570 2740 691 2783 mortem
716 2732 760 2798 (ll.
776 2751 808 2796 e,
824 2733 909 2792 llud-l:
927 2737 982 2785 Kal
1001 2729 1061 2799 λίην
1079 2752 1104 2786 r.

57 2822 87 2856 τ.
107 2799 132 2852 λ.
175 2802 211 2851 Et
236 2801 317 2867 paulo
342 2808 415 2867 post:
441 2795 528 2852 'tlt
546 2818 587 2852 σοι
605 2820 628 2855 κ.
647 2821 672 2854 τ.
691 2796 715 2853 λ.
757 2801 848 2866 Equos
872 2808 967 2852 autem
993 2802 1105 2853 Achillis

56 2869 176 2923 inducit
192 2870 349 2921 Patroclum
372 2869 494 2936 lugentes
519 2870 566 2935 (ll.
585 2889 615 2937 ρ,
632 2869 719 2929 426.):
740 2859 840 2922 “Ianos
857 2889 881 2923 κ.
899 2888 924 2924 r.
943 2866 967 2925 l.
1002 2870 1104 2921 Plinius

57 2940 157 2991 solum
178 2952 283 3004 equum
306 2945 418 3005 praeter
441 2938 585 2991 hominem
609 2938 777 3005 lacrymare,
802 2947 829 2989 et
852 2938 951 2989 doloris
975 2940 1105 2990 allectum

55 3010 172 3061 sentire
196 3004 283 3071 dicit]
316 3006 437 3068 Aerlzon3
461 3024 563 3061 nomeu
589 3008 666 3073 eqni,
690 3022 744 3074 qno
771 3008 853 3058 etiam
875 3010 995 3058 Aurorae
1020 3023 1105 3075 equus

57 3085 196 3137 vocatur3
214 3073 267 3140 [vel
284 3093 300 3125 a
317 3074 476 3143 splendore,
494 3093 561 3127 nam
580 3079 671 3138 atilio,
697 3076 780 3126 ardeo
799 3077 912 3137 dicitur;
936 3077 979 3127 vel
1002 3094 1019 3127 a
1043 3093 1105 3126 our-

56 3164 107 3198 sus
124 3144 290 3208 celeritate,
308 3145 386 3211 quasi
403 3140 444 3196 u'el
462 3148 550 3209 diurn,
575 3146 592 3196 i.
613 3164 636 3196 e.
653 3153 786 3215 perpetuo
804 3160 931 3207 currens,
948 3145 1105 3197 indefessus.

56 3216 146 3282 Quod
168 3220 263 3263 autem
282 3231 377 3279 equus.
394 3216 511 3265 bellator
529 3215 643 3275 dicitur,
667 3222 695 3264 et
718 3214 836 3282 phalanx
857 3215 1007 3265 comitatur
1030 3214 1105 3264 iuxta

56 3298 182 3335 morem
198 3282 359 3331 Romanum
377 3285 428 3345 ait,
451 3292 481 3332 ut
498 3285 615 3350 dignitas
639 3281 667 3331 in
692 3283 761 3349 regii
780 3282 958 3333 adulescentis
982 3289 1105 3334 servetur

56 3351 218 3421 exsequiis,
236 3350 300 3416 quia
317 3352 388 3421 apud
405 3353 546 3402 Romanos
564 3350 638 3420 quod
656 3359 714 3401 erat
731 3351 788 3400 vivo
807 3366 976 3413 concessum,
994 3358 1105 3401 mortuo

57 3436 120 3474 non
140 3418 335 3484 adimebatur,
359 3421 485 3471 militaris
510 3429 604 3470 autern
628 3419 785 3488 disciplinae
803 3428 870 3471 erat.
907 3418 1002 3469 Guttis
1020 3435 1106 3486 gran·

57 3492 172 3551 dihus3
191 3488 264 3538 bene
281 3490 449 3554 grandibus,
467 3490 582 3557 quiade
601 3486 691 3555 equo]
706 3513 737 3523 -·
773 3493 815 3544 91.
833 3488 907 3538 Nrun
927 3501 1014 3538 cetera
1030 3488 1104 3539 Tur·

30 3552 33 3557 ¹
57 3577 121 3611 nus
146 3554 245 3607 Victor
263 3556 359 3622 habet5
384 3555 454 3610 need
471 3554 502 3610 τὸ
521 3554 694 3625 σιωπώμενον
712 3564 739 3606 et
756 3556 810 3607 alia
828 3573 894 3608 eum
911 3558 1048 3608 sustulisse
1064 3559 1105 3608 in·

59 3628 238 3695 telligimus,
261 3643 318 3676 non
335 3634 444 3679 tanturn
461 3627 599 3679 balteum:
624 3634 655 3676 nt
677 3625 795 3692 legimus
818 3641 908 3692 supra.
943 3626 1026 3692 [Nam
1050 3626 1107 3678 sola

57 3699 145 3750 hasta
174 3703 202 3747 et
227 3695 306 3760 galea
331 3698 482 3749 ostenditur
506 3694 688 3758 remansisse]
708 3720 741 3730 -
776 3699 819 3750 92.
845 3695 990 3757 Phalanx,-
1014 3695 1107 3760 lingua

59 3765 277 3828 Macedonum,
298 3765 379 3831 legio.
415 3765 494 3832 Quod
519 3775 612 3817 antem
635 3764 675 3815 ait
700 3775 818 3825 moestu,
841 3763 959 3814 Arcadas
977 3763 1107 3830 intelligi-

61 3852 136 3885 mus.
176 3832 255 3884 Unde
282 3832 381 3887 infert:
411 3835 566 3901 Teucrique
591 3846 761 3900 sequuntur,
793 3832 988 3898 Tyrrhenique
1014 3834 1106 3883 duces.

62 3905 100 3954 Et
126 3904 185 3953 hoo
208 3911 264 3965 est,
289 3903 363 3969 quod
385 3907 425 3955 ait
451 3920 547 3972 supra:
572 3903 607 3952 Et
632 3915 686 3953 toto
713 3903 795 3952 lectos
824 3918 856 3951 es·
883 3904 996 3968 aginine
1022 3903 1108 3952 mittit

65 3971 150 4023 Mille
177 3974 266 4021 viros.
291 3998 327 4008 -
379 3977 422 4029 93.
451 3971 546 4022 Verris
570 3972 694 4022 Arcades
726 3972 830 4030 armis3
860 3970 1002 4037 lugentum
1028 3986 1107 4021 more

10 4006 25 4123 ζ
64 4056 238 4096 mucronem
254 4039 366 4106 hastae,
388 4057 445 4095 non
462 4042 605 4112 cuspidem
622 4047 719 4093 contra
735 4046 841 4091 terram
858 4044 990 4091 tenentes.
1023 4038 1107 4108 [Quo-
