2430 4620
207 320 244 364 n
270 271 860 382 uaciacucoc.1u‚1o-oo.
990 310 1053 379 113
1082 286 1087 305 ’

14 485 173 556 specialiter
188 501 331 537 servorum
348 493 419 539 sunt.
452 487 496 539 Sic
514 488 623 541 Plautus
640 488 783 542 deservo:
806 489 898 543 Homo
916 508 945 545 ts
962 494 1051 544 triam

16 557 175 606 literarum.
208 556 231 606 1.
248 572 273 606 e.
294 556 351 617 lur.
368 581 401 592 ·-
443 562 486 614 17.
509 557 576 608 Non
595 575 644 624 ego
670 570 695 608 tr
720 560 796 623 vidi,-
820 562 960 613 manifesti
982 578 1050 615 eum

13 624 71 675 furti
88 621 208 690 arguit,
224 621 340 673 dicendo
358 612 427 676 uidi.
445 634 481 662 ὲ-
516 632 557 682 18.
575 626 725 692 Excipere,-
750 629 812 678 dolo
829 646 941 695 capere:
958 638 990 680 ut
1006 634 1049 695 (A.

12 699 40 758 3,
53 695 156 754 332.):
176 690 293 756 Excipis
312 694 458 743 incautum
477 695 604 745 insidiis.
638 694 774 746 Latrantr
792 698 915 773 lycisqm
933 698 1050 764 lyciscae

10 771 83 840 sont,
102 769 136 811 ut
154 760 247 811 etiam
264 760 365 811 Plinius
382 762 461 826 dicit,
478 779 560 814 canes
577 762 686 814 nutias
703 765 773 834 lupis
791 775 821 817 et
837 766 966 829 cambus,
982 782 1048 820 cum

10 839 78 881 mter
102 847 135 882 se
163 830 241 880 iorta
266 829 442 881 misceantur.
466 857 498 867 -
542 837 583 887 19.
602 831 753 898 [Proripit5
776 833 892 901 ingerit,
914 833 1050 889 immittit.

10 900 56 950 lile
62 922 73 962 ,·
92 901 149 950 fur.
172 923 208 934 ·-
244 904 288 954 20.
309 897 420 965 ¹Tityre,
439 899 506 949 alius
524 908 626 968 pastor.
662 902 748 968 Cogc3
765 903 783 953 i.
801 921 840 969 e.,
855 901 955 971 collige
972 910 1001 954 et
1016 903 1050 957 iu

10 984 91 1020 unum
109 963 237 1032 redige]
272 964 337 1016 Post
354 980 462 1018 caresta
488 969 612 1032 latebam
635 968 697 1021 loca
719 970 922 1043 caricisplana.
958 970 1049 1022 Caras

10 1047 113 1103 auum,
131 1035 231 1087 herba
247 1042 289 1085 est
304 1043 399 1100 acuta,
416 1044 444 1088 et
460 1036 620 1103 durissima,
635 1036 851 1157 &similia
866 1034 954 1097 §alibi
970 1039 1015 1104 (G.
1022 1047 1050 1107 3,

13 1110 92 1168 aaliz
118 1105 155 1154 Es
172 1106 280 1154 'carice
301 1115 403 1170 pastus
426 1117 517 1156 acuta.
551 1105 623 1157 Sane
666 1120 700 1157 oo
721 1101 1051 1175 lo'co[quifim]s²uper·

15 1176 95 1228 uuam
110 1175 216 1226 solunt
233 1188 291 1224 essa
312 1172 487 1241 allegoriam,
512 1172 634 1226 diceutes
651 1190 712 1227 rem
735 1172 872 1244 nusquam
893 1174 996 1227 lectam
1012 1177 1049 1228 do

18 1243 129 1312 Virgilio.
168 1242 265 1293 Aiunt·
275 1241 350 1293 anim
368 1242 434 1294 hoc:
458 1244 559 1308 Varus,
576 1243 783 1308 tragoediarum
800 1244 935 1312 scriptor,
950 1244 1049 1296 habuit

20 1324 121 1365 uxorem
134 1309 383 1362 literatissimum:
399 1326 464 1361 cum
481 1327 537 1379 qua
554 1312 681 1379 Virgilius
697 1312 864 1366 adulterium
879 1312 985 1364 solebat
1000 1313 1049 1365 ad-

18 1383 132 1434 mittere:
148 1379 209 1430 'cui
227 1378 313 1429 etiam
330 1379 406 1430 dedit
421 1379 552 1448 scriptam
569 1381 757 1449 tragoediam,
780 1397 866 1451 quam
883 1381 930 1433 illa
946 1381 1047 1432 marito

15 1451 98 1516 dedit,
117 1456 263 1517 tanquam
287 1464 304 1498 a
326 1463 356 1498 se
378 1447 517 1516 scriptam.
552 1449 630 1499 Hanc
653 1450 779 1505 recitavit
797 1452 881 1502 Varus
904 1466 955 1520 pro
981 1466 1047 1511 assa3

14 1536 92 1588 quam
107 1534 177 1571 rem
195 1514 326 1581 Virgilius
344 1515 410 1567 dicit
418 1534 474 1584 per
497 1517 665 1584 allegoriam.
698 1519 771 1569 Nam
790 1519 950 1585 tragoediae
967 1535 1049 1587 prae·

17 1591 98 1639 arium
115 1601 206 1655 caper
223 1586 326 1636 luerat:
349 1585 490 1635 Horatius:
514 1585 646 1636 Carmine
664 1589 714 1653 qui
731 1589 839 1653 tragico
857 1587 940 1639 vilem
959 1599 1048 1638 certa·
1140 1634 1143 1641 ,

17 1662 50 1709 rit
70 1658 107 1708 ol>
130 1655 260 1705 hirtum.
303 1651 356 1704 Sed
378 1652 477 1704 melius
499 1652 662 1722 simpliciter
684 1655 841 1733 accipimus.
874 1655 1049 1707 Rasutandaa
1135 1712 1142 1719 ,-

14 1728 82 1779 enim
107 1724 179 1775 'suut
194 1722 344 1789 allegoriae
366 1720 396 1777 iu
419 1721 544 1793 bucolico
568 1723 705 1773 carmine:
729 1724 783 1774 nias
806 1739 886 1787 curn,
909 1729 940 1772 ut
964 1739 1049 1790 supra

13 1796 134 1857 liumus,
151 1808 189 1844 ex
206 1790 300 1862 aliqua
316 1805 448 1858 agrorum
466 1791 637 1858 perditorum
654 1788 816 1843 necessitate
828 1791 1002 1849 descendunt,
1012 1796 1048 1832 -'·

13 1872 49 1922 Ἀ.
66 1865 143 1931 [Arm
172 1874 227 1929 pro
245 1873 326 1926 ergo,
343 1866 373 1909 ut
390 1859 599 1909 comminianus
616 1858 702 1924 dicit]
718 1882 753 1896 -
787 1867 831 1917 23.
847 1856 931 1909 Meus
949 1875 1048 1926 caper,

13 1933 117 1986 lslsitus
141 1928 252 1980 merito
275 1926 413 1979 victoriae.
446 1926 571 1978 Reddere
586 1945 685 1992 posse„-
708 1926 864 1979 scilicetne
880 1920 929 1978 susi
945 1928 1048 1979 iudicio

13 2004 151 2054 mereunt
178 2013 240 2048 asse
260 2002 409 2066 superatus.
426 2020 461 2034 -
495 2003 540 2053 25.
557 1995 705 2048 Causando
730 2008 761 2046 tu
781 1997 878 2058 illum;
901 1996 1048 2062 imperitus

12 2072 141 2139 paritum.
182 2065 253 2117 Cara
271 2067 370 2127 iuncta
381 2063 460 2133 fuit,-
477 2079 562 2132 supra
579 2071 614 2130 (2,
632 2065 698 2125 32.):
716 2063 775 2115 Pan
791 2067 902 2131 primus
921 2065 1048 2116 calamos

12 2156 67 2191 arra
92 2137 148 2204 (L.
166 2132 259 2195 carae)
285 2137 455 2199 coitiungere
478 2135 574 2198 plures
591 2133 727 2185 Instituit.
740 2128 780 2171 '·—
820 2139 863 2193 26.
881 2131 916 2183 ln
933 2135 1048 2198 triaiis3

12 2204 185 2260 ttusuetssdo
209 2201 293 2253 enim·
308 2203 401 2254 fuerat
422 2210 454 2252 ut
470 2218 519 2269 per
542 2203 622 2254 trivia
641 2210 668 2254 et
685 2200 825 2269 quadrivia
842 2196 995 2265 ulularent,
1019 2209 1049 2254 et

11 2276 103 2328 flebile
120 2271 262 2342 quiddam
278 2270 307 2320 in
324 2271 461 2322 honoram
477 2271 584 2323 Dianae
601 2279 732 2322 canescat
748 2270 856 2336 rustici,
879 2271 915 2322 ad
931 2268 1049 2321 reddcn-
1138 2312 1142 2316 .

12 2345 71 2397 dam
89 2339 212 2403 Cereris
229 2339 413 2391 imitationem
425 2339 540 2405 1Hains.
559 2338 744 2404 intricata),
768 2355 838 2406 quae
855 2347 965 2408 raptam
981 2336 1049 2388 Pro·

10 2414 152 2484 scrpinam
170 2408 204 2460 iu
220 2407 305 2459 triviis
320 2407 443 2459 clamore
459 2407 627 2474 requirebat.
660 2408 790 2457 Novimus
803 2414 912 2470 autem,
929 2407 1049 2458 eandam

11 2500 63 2536 asse
88 2478 295 2546 Proserpinam
325 2491 409 2544 quam
431 2475 561 2549 Dianam.
605 2474 648 2526 sic
675 2476 705 2527 in
730 2474 850 2527 Aeneida
882 2478 931 2540 (4,
954 2475 1048 2535 609·)t

14 2550 229 2613 destitutisque
245 2544 348 2595 Hecate
366 2546 462 2595 triviis
481 2545 592 2595 ululata
609 2562 658 2612 per
677 2545 766 2595 urbes.
779 2570 813 2580 -
847 2551 891 2600 27.
908 2541 1048 2592 Miserum

15 2635 143 2680 sarman,-
173 2615 268 2680 triste,
284 2612 393 2677 flebile,
411 2613 491 2680 quale
508 2622 610 2665 canunt
626 2613 756 2678 stipulae:
782 2620 810 2663 et
828 2611 903 2679 quod
918 2613 1049 2678 congruit

13 2690 44 2741 al
56 2684 255 2740 imitationem
272 2682 368 2733 matris
385 2683 509 2733 orbatae.
526 2709 562 2719 -
595 2688 639 2738 28.
661 2681 709 2730 Vis
727 2697 791 2746 crgo
812 2682 885 2730 inter
909 2696 976 2740 aas,
1000 2685 1049 2729 aut

11 2757 95 2809 saeui
114 2751 344 2821 comparatione:
368 2758 416 2800 aut
432 2751 506 2818 quod
522 2750 620 2800 melius
638 2758 692 2814 ast,
716 2750 790 2799 nullo
814 2747 903 2798 iudica
921 2762 1051 2814 praesan-

13 2832 51 2886 ις
74 2832 180 2892 postea
197 2820 274 2883 euim
291 2836 321 2871 ex
339 2819 488 2885 improviso
505 2819 654 2870 Palaemon
678 2817 810 2869 adveniet.
849 2814 984 2866 Vicissim
1001 2832 1048 2865 aa·

12 2898 176 2963 priamum
206 2889 225 2939 l.
248 2906 273 2940 a.
303 2889 455 2939 ausoebaco
487 2888 619 2938 carmine.
666 2887 849 2936 Amoehaeum
875 2890 970 2936 autem
1000 2890 1050 2948 ast,

47 2964 155 3023 otieris,
181 2957 230 3024 qui
253 2965 374 3020 canunt,
392 2964 420 3016 et
442 2956 552 3023 aequali
572 2969 692 3006 numero
717 2964 844 3005 versuum
868 2959 997 3017 utuntur,
1022 2958 1051 3002 et

10 3040 49 3082 ata
64 3046 95 3082 se
114 3029 205 3081 habet
220 3027 280 3095 ipsa
296 3023 454 3095 responsio,
476 3032 507 3072 ut
523 3032 570 3075 aut
585 3025 675 3074 maius
692 3030 740 3073 aut
757 3022 927 3073 contrarium
945 3016 1049 3088 aliquid

15 3099 120 3160 dicmt,
143 3098 225 3148 sicut,
242 3096 383 3160 sequentia
407 3091 575 3143 indicabunt
593 3117 627 3129 -
669 3096 713 3149 29.
730 3091 789 3156 Ego
814 3089 888 3143 itanc
913 3091 1051 3152 vitulamr

16 3167 221 3230 subdistingue,
251 3169 282 3212 ut
305 3163 344 3212 ita
367 3160 567 3227 intelligamus,
590 3176 627 3211 ne
652 3176 715 3210 eam
741 3160 823 3209 vilem
846 3157 990 3210 existimes.
1016 3181 1050 3194 -·

18 3242 55 3293 ω
72 3236 125 3285 Bis
142 3234 225 3285 veuit
242 3231 278 3280 ad
296 3231 460 3297 mulctram:
485 3231 567 3280 binos
585 3230 639 3279 alit
657 3229 738 3277 ubere
750 3227 845 3296 fatus,-
865 3234 894 3276 ut
911 3243 976 3278 eam
992 3226 1051 3277 lau·

19 3302 79 3356 iare
96 3311 126 3354 et
142 3318 178 3354 ex
195 3302 255 3351 latu
273 3306 300 3350 et
323 3314 355 3350 ex
372 3305 461 3350 aetate
479 3298 609 3349 videatur.
643 3295 718 3348 Male
742 3296 817 3346 erum
835 3294 948 3362 quidam
966 3311 1050 3362 quae·

20 3372 132 3424 uanam
156 3376 272 3421 movent
290 3366 428 3432 dicentes,
449 3365 562 3417 vitulam
585 3380 701 3434 parvam
726 3380 797 3416 esse:
819 3376 871 3415 nco
894 3376 1049 3433 congruere

48 3538 80 3587 18)
106 3541 145 3578 Pro
162 3539 264 3587 Larisam
284 3535 309 3573 R.
324 3534 371 3572 Vos.
386 3530 474 3584 Lycisci.
504 3528 528 3568 V.
543 3526 593 3566 Ulil.
609 3527 636 3566 sd
648 3526 707 3568 stus.
723 3528 795 3580 Cyncg.
809 3524 858 3568 25⁵.
886 3527 926 3568 Pro
941 3531 1054 3569 miscemur>

98 3599 124 3636 L.
139 3599 164 3633 V.
181 3596 228 3631 von.
244 3593 369 3630 misceantur.

10 3698 13 3717 ι
49 3675 81 3725 19)
108 3678 162 3715 Tota
185 3682 234 3712 nou
255 3650 312 3712 deest
331 3671 351 3708 in
371 3654 663 3711 Guell1.tl.1..1t.vor.;
683 3648 982 3716 sse1i11.'hst›.te.arfirgit,
1003 3671 1023 3704 as
1036 3674 1051 3703 a

10 3736 12 3741 '
101 3740 210 3782 conspectu
225 3730 309 3778 aufert,
330 3727 364 3765 rel
377 3732 436 3763 ertat-
465 3723 530 3760 Dein:
552 3723 586 3760 illc
601 3725 614 3760 i.
630 3735 646 3759 o·
662 3735 728 3770 caper.

10 3800 15 3821 ’-
52 3812 83 3863 20)
113 3817 176 3854 (larix
199 3810 268 3850 Gutll'.
290 3811 304 3847 1.
324 3809 348 3844 Il.
367 3808 392 3844 1..
413 3807 436 3843 V.
457 3806 520 3850 Voa.;
544 3803 620 3842 odaria·
641 3803 667 3838 R.
702 3803 755 3838 Tum
776 3800 843 3838 (tuilf.
863 3800 878 3836 l.
897 3809 986 3853 spartago
1006 3799 1051 3839 sim.

10 3864 14 3871 Ι
100 3872 180 3910 Deinde
193 3871 248 3907 Dan.
270 3868 323 3905 Sane
343 3871 365 3904 ut
381 3865 464 3901 Servius
476 3861 530 3902 dieis
550 3858 663 3909 opertae
684 3856 728 3895 loco
743 3856 825 3905 superfl.
844 3855 885 3893 vol.
900 3863 938 3893 otc.
966 3858 991 3893 R.
1006 3858 1051 3894 hab.

102 3929 185 3980 quidam
201 3925 256 3962 vale.
286 3925 356 3960 Horat.
370 3921 426 3957 lotus
442 3924 472 3954 cat
486 3917 532 3956 Art.
547 3917 603 3952 Paos.
618 3913 667 3952 220.

52 4004 85 4056 Ul,
108 4010 143 4046 Pro
166 4012 246 4056 spectes
266 4009 287 4041 et
307 4001 380 4040 laudes
399 3998 424 4035 1..
440 3998 464 4033 V.
485 3997 508 4034 B.
528 3994 597 4046 steph.
618 4000 697 4046 apertos
718 4000 738 4031 al
753 3991 833 4032 laudm.
861 3990 935 4031 Posses
947 3991 974 4032 Ia.
989 3994 1013 4030 V.
1027 3994 1053 4032 R.

100 4054 456 4107 tai.ns1rrrarresmu1arraria.
482 4092 486 4098 ,
946 4079 950 4086 ,

10 4168 117 4267 ,ιιι
771 4114 854 4211 ’θ

10 4272 12 4283 Ι

91 4352 97 4365 1
