2430 4620
248 301 283 342 m
306 280 467 343 VIRGIL.·
487 278 643 343 BUCOL.
665 280 736 356 III,v
754 285 859 351 1-8-
944 330 951 339 -
1010 284 1074 348 111

38 466 138 531 scribit,
166 470 273 518 curare
290 466 373 519 debet
395 475 458 519 ante
478 468 586 532 omnia,
610 486 646 520 nc
670 467 773 521 similes
797 467 849 518 sibi
872 465 928 518 sint
949 465 1075 534 eclogae:

39 537 99 603 qaod
117 535 216 587 ctiam
232 537 362 603 Virgilius
384 537 458 586 iecit.
492 538 565 586 Nam
590 539 680 605 prima
703 536 788 588 hahet
810 536 891 597 unius
917 533 1021 586 otium:
1047 542 1077 586 et

37 605 155 667 alterius,
193 592 244 671 qui
268 605 302 656 de
329 619 378 667 suo
408 621 477 670 agro
508 605 632 674 pellitur,
663 601 898 672 conquestionem.
951 603 1076 656 Secunda

35 681 174 725 amantem
196 673 327 742 exprimit
343 674 485 724 rusticum.
520 676 594 724 Haec
612 691 676 727 vero
694 675 754 725 lites
771 673 858 726 habet
875 681 903 725 et
920 673 1075 725 altercatio·

32 760 99 793 nem.
136 743 224 793 Unde
239 745 323 792 etiam
337 742 645 795 dratnatico·caractere
659 745 760 812 scripta
774 751 820 795 est.
850 744 923 793 Nam
937 757 1075 809 nusquam

29 813 106 878 poeta
117 811 268 878 loquitur:
285 812 333 861 sed
346 810 519 862 introductae
532 819 640 863 tantum
654 829 797 880 personae.
830 811 962 861 Novimus
978 817 1086 885 autem,

28 890 80 932 tres
98 889 266 931 caracteres
291 880 340 930 hos
364 896 420 931 esse
437 881 561 931 dicendi:
589 881 681 931 Unum
706 880 940 948 exagematicum,
964 878 994 929 in
1018 895 1074 946 quo

26 955 137 1000 tautum
170 954 259 1015 poeta
291 946 425 1016 loquitui:
456 957 487 1007 ut
516 957 557 1000 est
586 950 616 999 in
640 950 728 1000 tribus
756 949 835 1000 libris
859 947 1074 1017 Georgicorum.

27 1018 116 1068 11111111
139 1018 352 1080 dramaticum,
375 1016 404 1066 in
427 1034 481 1086 quo
505 1033 642 1085 nusquam
666 1023 747 1087 poe'ta
768 1017 903 1085 loquitur:
926 1024 958 1067 ut
982 1025 1022 1067 est
1044 1016 1074 1066 in

30 1087 184 1139 comoediis
211 1095 242 1138 et
267 1085 424 1153 tragoediis.
461 1087 588 1137 Tertium
612 1087 745 1151 mixtum,
769 1094 800 1135 ut
823 1094 865 1138 est
886 1085 916 1138 in
929 1084 1076 1138 ·'aeneide:

34 1171 97 1206 aaut
113 1164 141 1208 et
158 1161 251 1223 poeta
267 1155 338 1219 illic,
362 1162 390 1205 ct
405 1148 581 1207 introductae
599 1171 733 1225 personae
756 1153 915 1222 loquuntur.
952 1155 1008 1205 Hos
1025 1162 1086 1204 au·'

37 1230 93 1274 tem
112 1240 216 1276 omnes
242 1231 397 1293 caracteres
419 1223 449 1274 in
473 1224 598 1275 bucolico
616 1242 673 1275 esse
696 1223 823 1275 convenit
839 1223 964 1276 carmine
972 1239 983 1272 ε-
1001 1223 1073 1274 sicut

38 1290 103 1344 liber
117 1295 209 1346 etiarn
226 1293 279 1344 iste
297 1294 475 1344 demonstrat.
509 1293 582 1344 Nam
599 1293 685 1344 habet
707 1293 803 1361 [illum
822 1289 1074 1359 exagematicum]

35 1359 64 1412 in
85 1378 136 1429 quo
160 1369 279 1413 tantum
304 1367 383 1428 poelta
406 1360 543 1429 loquitur:
568 1364 661 1429 111(Ε.
681 1371 713 1426 2,
733 1362 789 1422 1.):
814 1356 949 1412 Sicelides
967 1378 1074 1425 musae,

31 1433 113 1497 paulo
132 1435 253 1482 maiora
273 1438 418 1480 canamus.
453 1429 544 1480 Habet
559 1431 690 1494 mixtum,
714 1437 744 1479 ut
760 1430 808 1496 (E.
827 1435 875 1494 10,
894 1430 949 1491 1.):
977 1430 1073 1480 Extre-

32 1518 104 1550 mum
121 1500 205 1551 hunc
219 1499 359 1551 Arethusa
378 1498 450 1550 mihi
467 1502 583 1551 concede
602 1501 732 1551 laborem.
754 1498 840 1563 ,Nam
857 1499 943 1550 etiam
960 1498 1073 1550 Gallum

31 1569 80 1622 illic
97 1570 214 1622 inducit
229 1570 398 1637 loquentem.
432 1567 523 1619 Habet
541 1569 733 1633 dramaticum,
749 1574 779 1616 ut
796 1567 825 1618 in
843 1568 936 1635 prima
953 1568 1072 1645 Ecloga:
1142 1593 1145 1604 ·

32 1638 95 1691 item
119 1639 150 1691 in
170 1640 243 1704 hac,
266 1655 353 1704 quam
370 1636 441 1691 miro
460 1637 556 1688 ordina
581 1653 613 1699 er
635 1637 717 1687 rebus
734 1636 928 1687 communibus
945 1637 1073 1689 veniente

31 1707 200 1778 composuit.
234 1707 326 1758 Habet
339 1707 415 1758 enim
431 1703 462 1756 111
478 1705 537 1775 ipso
555 1707 632 1774 quasi
651 1707 742 1773 primo
761 1720 875 1755 occursu
892 1706 954 1756 lites
972 1705 1072 1757 (111111-

29 1779 80 1844 gia.
117 1779 193 1829 Inde
212 1776 355 1844 quaeritur
372 1775 706 1845 1111111,,(111οΡ1111111111
724 1774 846 1839 habeant
864 1774 1026 1824 conflictum
1044 1781 1072 1825 et

29 1846 273 1917 disceptationem.
306 1841 435 1911 Sequitur
452 1842 516 1893 inde
533 1845 677 1910 sententia,
694 1861 764 1914 quae
783 1841 908 1893 universa
926 1842 1071 1895 concludit.

31 1915 135 1966 Guium
163 1931 269 1982 pecus,·
299 1913 335 1963 ab
365 1910 549 1962 antaritudine
579 1914 679 1978 coepit,
718 1914 790 1963 Nam
814 1911 944 1963 dicendo:
974 1911 1069 1962 cuiu'm

29 2002 129 2049 pecus,
154 1983 278 2053 ostendit
302 1998 364 2032 eum
388 1997 446 2030 esse
468 1981 680 2031 mercenarium.
722 1984 787 2048 [Est
810 1987 905 2030 autem
929 1979 1072 2032 Theocriti

29 2070 166 2106 carmen:
193 2049 254 2105 es'rti
277 2069 326 2117 μοι
349 2040 372 2101 ὦ
395 2045 540 2117 Koceidwr,
568 2053 637 2102 cluet
655 2047 692 2105 1αἱ
712 2047 796 2119 fides?
821 2040 840 2114 ἧ
862 2050 898 2115 ῥα
922 2045 1070 2102 11511111δαῖ
1133 2046 1135 2053 ’

28 2120 79 2188 οἰκ,
103 2117 165 2175 ἀλλ’
181 2119 332 2190 Λῖγωνος.]
368 2119 470 2169 Guium
488 2127 582 2170 autem
599 2120 713 2187 antique
730 2121 780 2183 ait,
796 2119 883 2170 vitans
901 2112 1071 2188 ὄμοιοτέλευ-

27 2213 85 2255 scr,
115 2211 155 2245 ne
180 2193 291 2242 diceret
310 2192 398 2245 euius
422 2204 522 2251 pecus:
547 2189 620 2255 quod
647 2191 729 2240 modo
753 2188 839 2238 trium
864 2196 905 2251 est
927 2205 1071 2257 generum.

24 2262 142 2331 Antiqui
160 2260 295 2325 dicebant
309 2259 380 2309 sicut
397 2274 490 2320 meus,
508 2274 582 2317 mea,
606 2275 712 2325 meum,
735 2258 773 2307 sic
792 2259 892 2321 cuius,
915 2260 998 2324 cuia,
1022 2274 1069 2306 cu-

25 2334 94 2383 ium.
133 2328 289 2389 Terentius
307 2327 394 2390 (Eun.
411 2321 452 2388 2‚'
463 2333 494 2389 3,
511 2327 581 2391 29.):
603 2327 681 2393 Quid
699 2330 795 2393 virgo,
812 2329 879 2377 cuia
897 2327 958 2376 est?
977 2355 1011 2364 -
1044 2335 1070 2382 2.

24 2400 112 2464 Non,
135 2415 244 2457 uerum¹
259 2396 401 2462 Aegonis,
425 2396 520 2446 amare
542 2388 628 2459 etiem
644 2397 689 2447 hic
709 2395 800 2447 rivalis
818 2396 876 2447 eius
893 2412 995 2466 pecora
1013 2412 1071 2448 esse

24 2471 110 2523 dicits
142 2475 177 2518 ut
202 2475 231 2516 et
252 2465 357 2517 divitias
380 2462 451 2514 illius
475 2464 615 2517 ostendat:
643 2473 672 2516 et
697 2465 782 2529 dicat,
804 2463 885 2517 duras
908 2481 967 2517 esse
990 2465 1089 2527 huius¹

26 2534 172 2608 [partes,]
197 2535 220 2586 si
237 2530 349 2602 quidem
367 2532 470 2596 rivalis,
487 2533 513 2583 ei
531 2535 638 2585 traditis
657 2534 764 2596 ovibus,
781 2533 852 2583 solus
871 2533 978 2600 amicae
995 2550 1071 2584 com-

28 2606 122 2658 munis
139 2604 290 2656 amoribus
307 2610 392 2653 vacet.
426 2600 502 2650 Mihi
520 2605 653 2663 tradidit3
679 2620 759 2654 meae
783 2601 847 2654 fidei
866 2603 1020 2666 commisit,
1043 2611 1071 2655 et

25 2675 154 2727 credidit.
175 2700 212 2710 -
248 2679 273 2728 3.
292 2670 409 2737 [Infelix
429 2689 444 2719 o
463 2688 568 2738 semper
588 2674 649 2723 ouis
665 2689 766 2739 pecus,
785 2671 853 2722 ordo
872 2679 926 2723 est:
944 2687 960 2721 ο
977 2671 1071 2724 infelix

26 2761 112 2812 pecus
137 2742 341 2810 semperovis:
363 2738 381 2789 i.
399 2757 423 2790 e.
446 2754 555 2807 semper
579 2742 703 2791 iiiturum
720 2738 878 2804 imbecille]
912 2739 1070 2804 Neaeram

27 2814 153 2865 amicam
174 2825 356 2860 communem
373 2824 452 2858 suam
470 2818 497 2858 et
513 2809 664 2860 Menalcae.
683 2837 718 2846 -
752 2814 777 2866 lt.
796 2808 876 2857 Dum
889 2808 984 2876 fauet,
1003 2810 1069 2862 dum

27 2881 219 2952 amplectitur.
256 2876 398 2945 Praeferat
418 2877 485 2940 illa,
509 2890 634 2941 veretur,·
661 2895 693 2928 ac
717 2879 740 2928 si
765 2876 886 2942 dicaret,
908 2877 972 2930 ideo
990 2879 1070 2931 timet

28 2951 62 3004 ab
78 2951 130 3002 illa
147 2947 310 3008 discedere,
334 2945 397 3012 quia
415 2947 480 3015 scit,
502 2963 548 2997 me
567 2945 716 3013 praeferri,
738 2947 761 2997 si
778 2946 837 3014 ipse
854 2945 1018 3000 discesserit.
1035 2975 1070 2984 —

29 3020 228 3088 Meflanus,-
255 3017 369 3066 alienus
386 3013 500 3076 dicitur,
518 3016 640 3083 quamvis
658 3016 754 3066 luisset
769 3012 803 3066 de
820 3015 899 3084 ipsis,
917 3024 945 3066 et
961 3033 1017 3069 non
1035 3008 1070 3068 sit
1092 3015 1094 3019 ’

31 3090 163 3150 rhenus,-
185 3093 301 3154 propter
318 3083 509 3134 crudelitatem
528 3094 555 3135 et
572 3084 715 3134 avaritiam
733 3084 832 3133 dicitur
850 3084 985 3150 alienus]
1018 3085 1069 3136 Bis

32 3159 136 3223 mulget
155 3158 192 3206 in
209 3154 297 3216 hora;
322 3153 395 3220 quod
412 3151 526 3219 vix‘per
550 3161 639 3202 totum
657 3153 731 3202 diem
750 3152 831 3202 debet
852 3152 883 3202 in
901 3153 995 3205 ovibus
1011 3157 1068 3208 foe·

31 3226 125 3277 tandm
141 3222 216 3275 fieri.
251 3222 325 3272 Nam
348 3236 399 3288 pro
425 3220 505 3273 laude
529 3222 557 3271 in
577 3221 721 3287 Georgicis
738 3221 842 3287 posuit,
868 3220 909 3272 bis
935 3222 970 3275 ad
991 3223 1068 3276 diem

31 3294 149 3359 mulgeri
175 3308 252 3343 oves:
273 3291 368 3341 'diceus
392 3288 441 3352 (6.-
456 3297 488 3350 3,
504 3292 591 3350 duod:
615 3288 696 3354 Quod
720 3301 848 3355 surgente
874 3291 918 3339 die
943 3294 1072 3360 mulsere,

32 3361 164 3428 horisque
191 3362 322 3424 diurnis,
344 3357 429 3409 Nocte
452 3371 595 3425 premunt:
620 3359 694 3424 quod
720 3361 777 3408 inm
801 3360 924 3411 tenebris
948 3359 996 3424 (L.
1012 3362 1071 3419 iam

33 3434 94 3495 at.)
119 3444 145 3482 et
164 3432 224 3480 sole
250 3431 376 3491 cadente,
402 3426 458 3476 Sub
485 3428 575 3477 lucem
601 3440 746 3493 exportant
765 3426 893 3479 calathis.
929 3427 1002 3497 Quid
1023 3448 1070 3482 au-

34 3506 89 3552 tem
105 3501 153 3551 sit:
182 3498 232 3548 Bis
251 3500 356 3564 mulget
379 3498 410 3545 in
429 3495 514 3561 horu,
538 3497 596 3562 ipse
620 3498 701 3546 dicit:
726 3497 760 3546 Et
784 3513 888 3547 succus
911 3501 1020 3564 pecori,
1045 3512 1070 3549 et

37 3569 77 3618 lac
101 3568 274 3619 subducitur
299 3568 391 3633 agnis.
409 3591 442 3599 —-
483 3574 508 3620 7,
528 3564 665 3629 Parcius,·
691 3566 788 3616 melius
812 3565 858 3615 hic
877 3563 1068 3633 distinguitur:

35 3636 95 3690 licet
117 3637 206 3706 possit
229 3635 285 3686 dici
308 3637 408 3698 etiam,
433 3635 550 3698 parcius
576 3636 639 3682 ista.
682 3634 779 3683 Sensus
803 3641 897 3685 autem
921 3642 975 3685 ests
1005 3635 1069 3686 Noli

10 3722 12 3727 ·
38 3707 108 3760 valde
122 3708 198 3758 haec
216 3704 352 3767 obiicere,
375 3711 469 3752 tamen
495 3704 563 3754 scias
581 3704 643 3752 viris
668 3703 785 3752 fortibus
809 3701 979 3752 obiiciendas
995 3705 1069 3773 rapi-

10 3774 12 3799 *
37 3790 88 3826 ms.
110 3778 174 3846 Ipse
188 3773 266 3824 enim
278 3773 318 3822 ait
330 3772 358 3820 in
374 3772 426 3820 Vll.
438 3769 504 3833 (49.)
520 3771 696 3836 (Daniiuelf.
706 3771 764 3821 LII.
781 3771 880 3830 nouolz
900 3770 1068 3824 Convertere

10 3860 13 3867 ’
39 3843 110 3894 iuuat
124 3844 265 3912 praedas,
290 3852 314 3888 et
332 3843 422 3889 vivere
442 3850 528 3902 rupto.
547 3867 580 3874 —
622 3845 646 3895 8.
666 3839 808 3890 Novimus
833 3851 856 3888 et
875 3841 924 3903 qui
941 3851 982 3902 tes
1005 3841 1068 3891 stib-

10 3938 12 3943 ·
39 3915 106 3963 aidis
127 3911 327 3977 corruperint,
351 3908 421 3974 quod
446 3908 595 3973 suppressit
616 3908 783 3958 verecunde:
815 3907 879 3959 licet
903 3906 1068 3957 Theocritus

39 3991 123 4048 aperte
140 3985 234 4047 ipsatn
254 3977 453 4045 turpitudinem
477 3985 562 4036 portat
579 3986 605 4026 et
624 3977 771 4045 exprimat:
793 3967 837 4028 ἸΙ
850 3969 882 4027 οὗ
898 3971 1011 4042 μέμναθ
1028 3972 1067 4028 ὅτ’

38 4046 85 4118 lyci
99 4048 242 4119 κατήλασα
259 4054 306 4101 καὶ
327 4044 360 4099 ev·
384 4041 501 4115 caecavit
526 4037 556 4100 εὖ
580 4042 647 4102 uice
672 4043 813 4116 κιγκλίζευ.
854 4045 973 4118 [Figura
994 4045 1065 4102 baec
1089 4110 1092 4115 Ι
