2430 4620
142 267 205 332 12⁸
394 261 538 328 saavn
561 256 972 355 couuauraatusj

141 444 238 517 vipsor
254 446 334 514 dicit,
356 448 375 501 i.
392 467 417 502 e.
435 438 610 521 pastoralem.
644 449 716 503 Nam
732 450 848 506 Admeto
871 452 932 521 regi
949 449 1024 524 pavit
1039 460 1171 507 minente.
1209 490 1213 519 ;

141 520 178 572 Et
193 520 246 570 hoc
259 517 335 572 dicit:
353 517 410 570 Nec
428 521 528 587 pabula
546 529 700 583 nascautur,
717 538 768 571 uec
786 536 896 589 pecora.
910 547 943 559 -
977 526 1022 578 35.
1041 519 1169 572 Grandia

142 588 261 649 herdam
285 589 438 657 usurpative
456 591 539 639 metri
555 605 636 640 caum
653 590 727 641 duit.
766 589 839 640 Nam
863 591 1003 653 triticum,
1026 588 1171 656 hordeum,
1208 639 1212 648 ,

139 658 250 723 riutuu,
272 655 341 719 mel,
370 660 480 708 numeri
504 665 612 708 tautum
635 657 781 725 singularis
805 666 876 710 uuit.
916 657 994 709 Uude
1018 657 1119 725 plurali
1141 660 1171 710 in
1210 714 1214 721 ,

141 742 225 795 prosa
243 724 281 774 uti
298 738 354 776 non
372 742 522 795 possumus.
557 727 625 778 Vina
648 735 742 779 tamen
759 741 903 794 possumru
919 727 1013 779 dicere
1031 727 1171 779 Ciceronis
1210 724 1213 731 '

142 791 281 863 exemplu,
303 794 349 858 qui
368 796 407 844 ait
422 794 449 843 iu
468 795 600 845 Praetura
619 793 665 860 (iu
683 797 759 849 Verr.
779 800 809 859 l,
826 796 893 856 353:
920 784 1008 858 Vina}
1033 794 1172 859 ceteraqde

142 881 213 932 quae
232 863 263 979 iq
281 862 350 911 Asia
364 862 454 929 facile
473 876 678 928 comparantur.
714 864 945 932 [Mandavr'mus;
968 863 1173 915 commendavi·
1210 920 1214 927 ,

141 948 203 984 mus
220 947 251 981 ve
284 930 486 985 semirmvimtu,
519 932 555 981 Et
577 940 653 984 recte
678 931 777 983 dicitur
803 930 978 996 reddituris]
995 957 1030 969 -
1066 941 1110 989 37.
1126 933 1173 981 iu-

137 1000 214 1071 seltz
231 999 345 1058 ioliuuu
361 1001 472 1062 inutile,
488 998 701 1065 infoecundum,
716 1000 804 1069 [quia,
822 1003 869 1069 qui
886 1002 982 1063 lolium
999 1001 1175 1065 manducant,
1209 1003 1212 1009 '

143 1070 306 1123 coecitatem
329 1068 495 1138 patruinum]
537 1067 649 1119 Steriies
673 1079 768 1121 autem
792 1084 889 1123 arenas
913 1068 1068 1123 secundum
1090 1070 1182 1121 situm
1208 1070 1212 1077 '

141 1139 238 1191 Italiae
255 1135 328 1188 dixit.
362 1138 435 1187 tum
453 1138 481 1188 in
496 1136 615 1189 'l'hracia
632 1142 787 1191 tructuosae
804 1148 874 1190 suist
906 1141 981 1191 Haec
999 1138 1174 1191 autemdicit
1211 1192 1214 1199 ,

86 1200 91 1209 “
143 1207 320 1273 contingere,
343 1214 373 1255 ut
397 1206 524 1257 ostendat
545 1214 651 1257 terram
674 1221 784 1274 quoque
806 1209 899 1259 dolere
922 1206 1077 1277 Daphnidis
1101 1224 1173 1259 mor·

141 1283 209 1329 tam.
225 1300 260 1310 -
295 1280 338 1330 38·
357 1274 496 1341 Purpureo
516 1277 662 1339 narcissor
679 1275 744 1344 [duo
762 1271 967 1343 ὁμοιοτέλεντα,
987 1283 1015 1327 et
1032 1294 1088 1341 pur
1110 1293 1171 1335 uno

142 1361 216 1397 nime
230 1344 358 1411 specioso.
371 1370 406 1380 -
440 1350 483 1400 39.
502 1343 649 1408 Cordum,-
666 1344 761 1414 spinae
774 1344 882 1413 genus]
914 1344 1069 1407 Paiiurus,⁸
1087 1294 1192 1397 iata.

143 1414 296 1483 asperrima
321 1420 348 1462 et
371 1415 495 1482 spinosa,
518 1412 578 1478 [vei
601 1422 631 1463 ut
652 1413 765 1481 quidam
790 1415 896 1476 volunt,
919 1414 998 1483 spina
1023 1410 1117 1479 albu]
1136 1440 1173 1473 -,

143 1486 186 1540 40.
206 1480 334 1547 Spargite
359 1480 475 1529 humum
493 1480 597 1548 foliis;
622 1482 639 1532 i.
657 1498 680 1532 e.
703 1481 824 1551 iruplete.
867 1482 903 1532 Ut
926 1485 1001 1547 (Aen.
1022 1488 1073 1545 11,
1090 1480 1169 1547 1913:

143 1550 292 1617 Spargitur
310 1561 335 1599 et
353 1551 436 1600 telius
453 1550 604 1616 lucrymis,
627 1564 800 1617 sparguntur
818 1563 844 1601 et
862 1569 952 1600 arista.
985 1549 1022 1599 Et
1047 1548 1114 1601 dicit
1127 1564 1170 1601 ttr-

142 1619 266 1671 rrandum
295 1634 352 1670 esse
382 1619 473 1669 locum
504 1618 622 1685 sepulcri
653 1635 684 1671 er
715 1622 851 1670 votrurtate
873 1617 1003 1670 deisurcti.
1047 1618 1173 1669 inducite

137 1687 273 1757 fontibus
293 1687 421 1747 umbras;
438 1688 520 1738 facite
534 1704 650 1737 nemora
667 1686 741 1739 circa
758 1688 855 1739 sonus.
891 1688 927 1738 Et
943 1687 996 1737 hoc
1013 1684 1087 1751 ideo,
1104 1687 1174 1755 quie,

142 1762 175 1807 ut
190 1757 321 1820 diximus,
343 1755 460 1807 heroum
478 1755 589 1806 animae
607 1755 733 1807 habitant
749 1756 789 1806 vel
812 1756 995 1815 insontibus,
1019 1755 1064 1805 vel
1077 1756 1110 1805 iu
1127 1773 1180 1809 uer
1207 1764 1214 1827 ζ

142 1825 274 1876 moribus.
318 1822 352 1873 Ut
375 1823 523 1889 (6,673.):
547 1821 637 1874 Lucis
660 1824 821 1875 habitamus
845 1828 958 1892 opacis,
980 1821 1172 1889 Riporumqas
1208 1884 1211 1893 Ι

143 1906 237 1958 toros,
260 1903 285 1942 et
305 1905 388 1958 prata
415 1895 535 1943 recentia
561 1894 633 1943 rivis
658 1893 822 1944 iu'coiimus.
846 1919 881 1930 —
923 1896 968 1949 42.
991 1890 1172 1957 Supercddite'

143 1978 272 2027 carmem
295 1960 362 2012 duos
384 1956 478 2013 versui
500 1977 615 2013 carmen
640 1963 755 2014 vomuit:
779 1962 837 2014 Nec
860 1960 979 2012 mirum:
1003 1975 1070 2011 cum
1088 1961 1170 2013 etiam

142 2031 176 2084 de
200 2046 255 2082 uuo
280 2047 393 2081 carmen
418 2029 526 2083 dixerit:
552 2036 581 2078 ut
605 2031 681 2097 (Aen.
699 2038 731 2093 3,
748 2031 835 2093 367.);
857 2030 892 2081 Et
917 2047 974 2080 rem
992 2032 1118 2080 carmine
1135 2032 1206 2093 σι’-,7,

142 2118 214 2168 gnos
240 2099 345 2149 Aeneas
363 2097 430 2147 isaeo
446 2099 478 2147 de
493 2098 607 2149 Danais
626 2101 781 2150 victoribus
798 2116 886 2149 arma.
922 2096 1056 2166 Daphnis
1074 2117 1124 2167 ego
1141 2101 1196 2149 ir·

142 2171 241 2233 silvis,
267 2167 334 2217 irinc
352 2183 440 2233 usque
458 2168 494 2216 ad
512 2169 606 2217 sidera
626 2180 726 2232 uotus;
752 2169 781 2219 iu
797 2167 867 2218 sitris
885 2175 986 2232 notus,
1002 2167 1115 2219 ethius
1131 2182 1174 2219 uta

143 2254 197 2318 que
215 2235 250 2289 ad
266 2236 363 2287 sidera.
381 2261 413 2273 ···
448 2241 492 2292 44
510 2235 639 2289 Formati
661 2239 771 2304 pecoris
795 2249 901 2300 custos,
924 2235 1082 2303 formosior
1102 2240 1169 2302 ipsse

142 2323 165 2357 u
181 2305 217 2358 ad
233 2304 382 2357 Caesarem
398 2306 518 2368 reseras,
542 2304 595 2356 hoc
611 2305 692 2356 dicit:
715 2305 786 2356 Boni
809 2305 917 2374 populi,
941 2305 1063 2373 optimus
1086 2304 1170 2371 impe·
1207 2302 1213 2309 “

141 2384 227 2427 rator.
246 2399 279 2411 -
312 2380 355 2431 45.
375 2373 443 2424 Tale
462 2386 539 2423 tuum
559 2390 689 2439 carmen)
709 2373 823 2425 laudaut
846 2390 874 2424 se
898 2373 1031 2438 invicem,
1054 2380 1086 2422 ut
1110 2372 1172 2422 diri-
1211 2376 1214 2381 '

142 2461 202 2495 mus
220 2459 310 2512 supra,
327 2444 367 2521 [et
384 2445 447 2507 tale,
464 2444 540 2495 deest
557 2444 683 2506 videtur,
699 2441 741 2492 vel
758 2442 831 2497 aliud
848 2439 933 2509 quid]
950 2468 984 2478 -
1019 2447 1063 2500 46.
1082 2438 1169 2506 Quoia

143 2530 244 2578 sopor,·
262 2511 347 2579 qualis
364 2529 423 2576 res,
439 2519 470 2561 ut
487 2511 554 2579 (Ecl.
571 2519 605 2575 3,
622 2511 692 2572 32.):
709 2510 799 2561 Dulce
818 2513 889 2560 satir
906 2509 1015 2563 itumor.
1050 2508 1169 2577 [Ferrir3
1198 2536 1214 2557 ,ν

142 2581 263 2649 fatigatis
286 2579 407 2644 labore]
430 2606 465 2617 -—
504 2586 549 2637 48.
573 2579 630 2629 Ner
656 2581 774 2630 salamis
800 2580 892 2630 solum
918 2581 1102 2644 aequiparas,
1125 2578 1170 2629 sed

142 2667 207 2702 uoce
226 2651 408 2715 magistrum
427 2648 533 2700 videtur
549 2648 681 2716 allegoria
698 2650 775 2715 quasi
791 2649 826 2700 ad
844 2649 1024 2700 Theocritum
1042 2655 1070 2698 et
1087 2647 1172 2716 Virgi-

129 2718 210 2771 tium
234 2717 384 2787 respicere:
408 2717 473 2769 hinc
497 2726 550 2768 est:
579 2716 621 2766 Tu
649 2733 724 2766 nunc
743 2719 799 2768 eris
818 2718 888 2767 aiter
905 2716 939 2766 ab
959 2716 1018 2767 illo.
1051 2704 1180 2784 [Fabulis
1209 2716 1213 2741 ³

142 2788 176 2840 de
195 2787 308 2839 Calama
326 2786 387 2838 talis
405 2793 451 2838 est
490 2787 600 2837 Veteres
619 2785 654 2835 Ze
675 2786 743 2852 hyrc
763 2794 841 2837 vento
859 2801 944 2836 uuam
961 2800 993 2835 ex
1011 2783 1092 2834 Horis
1110 2780 1170 2835 coir.

141 2856 237 2925 iugem
253 2855 411 2923 adsignant,
435 2871 467 2905 ex
485 2871 538 2922 qua
556 2862 583 2905 et
601 2803 725 2921 Zepiyro
745 2854 856 2923 Carpon
880 2854 967 2903 fitium
990 2852 1171 2925 pulcherrimi

136 2925 266 2994 'corporis
284 2926 387 2977 editum
405 2922 505 2974 dicunt
536 2922 626 2990 Quem
644 2938 707 2972 curu
723 2922 851 2974 Calamus
865 2920 993 2973 Meandri
1009 2920 1088 2971 fluvii
1105 2923 1172 2972 filius
1209 2940 1213 2945 ·

141 3002 263 3057 amaret,
282 3011 296 3044 a
316 2993 407 3061 Carpo
424 3000 520 3042 mutua
538 2991 596 3041 vice
614 2989 700 3042 etiam
716 2991 774 3056 ipse
791 2991 933 3042 adamatus
951 2998 999 3041 est
1034 2988 1088 3040 Sed
1106 2991 1170 3043 Car·

140 3079 189 3133 pos
211 3079 275 3111 cum
301 3062 329 3112 iu
348 3062 515 3113 Meaudrum
538 3059 653 3108 fluvium
670 3060 768 3110 cadens
786 3066 857 3113 estet
874 3059 1020 3123 extinctus,
1044 3058 1172 3111 Calamus

140 3139 251 3199 patrem
276 3134 388 3198 propter
413 3129 467 3179 huc
491 3128 575 3178 scelus
601 3136 736 3178 aversatus
754 3128 873 3196 aufugit,
895 3127 1056 3195 rogavitque
1073 3128 1172 3192 Iovem,
1210 3128 1213 3135 '

140 3207 171 3250 ut
188 3199 272 3248 tinem
290 3201 344 3248 suis
361 3197 477 3248 luctibus
489 3197 575 3260 daret,
592 3196 698 3264 sibique
716 3200 837 3246 mortain
855 3204 1015 3265 praestaret,
1033 3203 1063 3244 ut
1081 3204 1181 3263 striato,

162 3275 202 3316 ost
227 3266 334 3317 obitum
359 3269 535 3333 iungentum
565 3281 649 3332 quem
675 3264 853 3317 miseratione
876 3265 999 3335 iuppiter
1024 3262 1121 3316 ductus
1142 3265 1173 3318 iu

76 3386 82 3395 ,
138 3284 333 3388 iiarundinales
357 3335 476 3385 calamos
500 3332 568 3383 verti
591 3334 683 3398 iussit,
706 3335 753 3402 qui
776 3351 886 3404 semper
902 3334 977 3384 circa
994 3347 1055 3383 oras
1080 3333 1173 3385 flumi-
1196 3328 1201 3337 ’

139 3421 208 3457 num
225 3403 300 3454 nasci
318 3403 419 3466 solent,
443 3403 554 3469 Carpon
572 3416 637 3452 vero
661 3402 689 3453 iu
707 3403 811 3453 fructus
828 3418 922 3454 rerum
940 3402 1067 3451 omnium
1085 3403 1172 3468 vertit,

139 3481 170 3524 ut
186 3488 296 3540 semper
314 3479 512 3523 renasceretur.
531 3495 564 3506 -·
599 3475 642 3527 49.
662 3471 728 3521 Eris
746 3473 816 3522 alter
834 3473 868 3521 ab
889 3471 956 3536 iiio;
981 3472 999 3521 i.
1018 3487 1056 3535 o.‚
1082 3479 1112 3521 tu
1128 3487 1171 3521 so·
1199 3497 1209 3503 -

137 3540 179 3593 lus
203 3549 264 3610 post
286 3540 365 3591 illum
389 3539 544 3588 bucolicum
568 3554 682 3594 carmen
706 3538 821 3603 scribis]
846 3567 879 3577 -
928 3547 970 3596 50.
995 3535 1170 3606 Quocunque

140 3611 239 3674 mada‚·
257 3618 341 3680 prout
356 3622 507 3676 possumus.
541 3606 577 3656 Et
594 3606 661 3657 dicit
677 3623 706 3660 se
717 3607 868 3678 Daphnidis
885 3606 1025 3658 dicturum
1041 3609 1173 3678 apotheo-

167 3783 204 3834 39)
231 3781 333 3823 Paiiumm
348 3794 390 3819 ests
405 3776 509 3845 stutirem,
529 3776 679 3823 tauritorium,
700 3777 728 3817 ait
743 3780 825 3817 Salmas.
840 3776 938 3818 Exercitt
959 3774 1011 3815 Plio.
1024 3789 1045 3827 p.
1060 3776 1110 3819 370.
1125 3778 1174 3819 729.

166 3860 203 3912 40)
231 3864 254 3902 ln
269 3874 328 3900 versu
343 3860 396 3909 Virp.
412 3871 446 3897 vv.
468 3871 539 3908 sparg.
554 3865 573 3896 et
588 3870 646 3895 arma
665 3869 704 3894 om.
718 3859 742 3896 B.
761 3860 786 3896 L.
801 3860 827 3896 R.
848 3859 895 3896 Vos.
917 3858 999 3907 Steph.;
1019 3866 1134 3909 aspergunt
1155 3867 1175 3897 et

223 3933 281 3958 armes
297 3916 360 3956 edidit
375 3917 428 3955 Dan.
448 3935 473 3945 -

167 3998 195 4042 50
231 4001 265 4039 Ad
283 3999 337 4038 huuc
361 4009 439 4034 versum
459 3993 502 4035 end.
526 3996 562 4033 Iu:
584 3999 639 4034 Nos
661 4003 751 4034 tomen
769 3996 843 4035 isaer.
872 3997 1011 4036 Arvernorum
1026 4002 1056 4034 eet
1070 3999 1178 4046 super-rore*

223 4057 279 4102 loeo,
295 4069 341 4097 eum
356 4054 443 4095 ds'cr'tm:
476 4052 540 4091 Tale
558 4058 634 4092 tuens
654 4066 762 4094 carmen
782 4067 802 4095 ru
826 4054 846 4092 d.
862 4055 1000 4105 uquarum
1021 4059 1175 4095 mortuoram
