2430 4620
134 282 201 350 ιιι
391 236 534 339 susim
557 272 915 339 commoneamus
990 234 997 257 '

188 442 192 449 ι
1053 424 1066 445 ⁰
1150 446 1155 453 ι

139 462 208 517 elios
229 460 291 512 eliis
313 461 396 513 rehtu
417 476 434 511 a
453 468 504 513 tor.
548 460 616 513 Inde
638 459 678 511 ait
701 459 810 522 lehem,
832 466 861 511 et
883 459 937 512 hoe
961 466 1004 513 eet
1026 460 1174 531 ed‘w

141 528 289 591 menda,
311 540 390 596 eptor
406 478 531 583 ieiicrhus
548 529 647 597 operis.
680 528 733 579 Alii
756 528 849 581 lelices
866 544 918 596 pro
935 529 1059 581 fecundis
1076 530 1174 597 accipi·

142 608 207 665 ttnt,
229 602 318 659 utili
339 602 425 663 trist:
450 600 621 665 Felicemque
647 598 734 647 trahit
751 598 860 647 limum.
895 598 957 647 Alio
976 599 1096 663 ordine,·
1121 599 1172 649 hoc

143 676 199 731 est,
221 682 278 719 nou
296 682 391 719 omncs
409 670 466 719 dies
483 669 549 719 lacit
566 666 708 733 aequales:
719 668 779 718 ‘sed
802 667 901 718 diversi
917 666 1022 717 ordinis
1045 676 1077 720 et
1092 666 1173 731 modi,

142 753 208 787 cum
230 736 289 805 ipsa
312 745 348 787 tut
372 752 426 788 tute
451 745 479 788 et
502 738 619 801 eadent]
636 766 668 777 -
704 743 765 791 277.
782 733 888 786 Felices
908 752 1038 801 operum;
1066 737 1077 805 [
1098 736 1172 787 uibut

140 804 261 857 feliciter
279 815 392 870 possunt
409 821 493 876 opere
510 804 640 867 exerceri,
657 802 711 869 vell
724 804 761 857 ed
779 820 864 873 opera
880 804 1029 857 sumenda:
1045 754 1103 872 [vii
1119 820 1173 857 eer-

141 880 170 925 te
187 872 318 937 delicat,
340 886 418 943 aptos
433 874 558 926 felicibus
576 872 723 943 operibus:
750 872 889 939 Quintam
907 873 996 941 fuget
1020 874 1066 941 [ut
1082 874 1172 941 quinte

141 941 208 994 lune
230 943 329 993 nullius
353 944 444 1013 operis
460 944 579 999 ¹initium
601 938 712 1005 seruas]
746 942 854 995 Dicitur
877 945 953 994 enim
977 941 1025 993 hio
1042 954 1173 993 numeru

141 1010 286 1063 Minervae
310 1027 368 1062 esse
389 1020 578 1075 consecratus,
602 1026 687 1078 quam
709 1010 833 1063 sterilem
858 1028 916 1062 esse
939 1018 1057 1061 constet„
1100 1009 1172 1061 Unde

142 1081 230 1133 etiem
247 1081 341 1131 omnia
358 1082 462 1132 sterilia
478 1083 574 1151 quinta
598 1080 663 1131 luna
681 1087 746 1131 nata
763 1097 823 1132 esse
839 1080 981 1131 dicuntur:
1006 1086 1058 1143 ut,
1077 1076 1172 1159 prcus
1202 1133 1207 1142 ,

143 1148 253 1212 Furiae,
269 1150 316 1214 (et)
329 1148 469 1218 Gigantes.
504 1150 633 1200 Pallidus
651 1165 749 1213 στεπη
768 1150 833 1217 quie
849 1148 964 1216 pallidos
980 1147 1058 1199 iecit.
1095 1148 1172 1215 [Nem

142 1216 201 1288 ipre
225 1217 305 1283 stiget
323 1228 371 1268 cst.
406 1220 524 1282 Probus,
547 1219 646 1268 orchus
668 1217 742 1285 legit
778 1220 915 1269 Cornutus
937 1224 1013 1267 vetat
1035 1216 1172 1287 aspiretio·

142 1302 210 1338 nem
227 1287 390 1337 edla-ndum.
424 1288 533 1339 Hesiod.
556 1302 653 1337 orcum
679 1288 776 1354 quinta
797 1288 862 1339 lune
885 1284 953 1337 dicit
975 1292 1087 1335 netum.
1119 1283 1172 1336 Cel·

142 1370 202 1417 eus,
226 1362 257 1404 ut
273 1355 452 1407 lurisiureudi
468 1358 552 1407 demn
570 1356 704 1423 pallidum
722 1356 841 1419 dictum,
866 1355 932 1421 quia
953 1352 1082 1407 iurantes
1096 1351 1170 1421 trepi-

142 1424 254 1477 datione
277 1423 436 1493 pallescunt.
469 1425 541 1474 lt'am
564 1425 638 1493 apud
656 1426 763 1475 (trctun
778 1422 926 1477 deiunctae
949 1422 1066 1475 enimse
1086 1420 1170 1473 insere

142 1492 286 1555 dictmtur,
310 1510 345 1542 ne
363 1493 429 1560 quid
446 1509 522 1558 ιιιιιι,
546 1508 614 1560 quos
632 1493 660 1543 iu
680 1494 732 1544 vita
750 1492 923 1561 reliquerunt
940 1499 1042 1543 contra
1059 1492 1112 1543 teta
1126 1488 1168 1541 ed·

141 1560 243 1613 iuvent.
279 1559 389 1625 Orcus;
407 1560 513 1623 Pluton,
530 1562 596 1612 deus
612 1560 735 1625 inferni]
747 1589 781 1599 —
815 1568 876 1619 27⁸.
896 1560 1069 1611 Euthenidee
1083 1570 1165 1620 utam

141 1630 173 1699 [i.
189 1646 212 1681 e.
237 1635 326 1680 natue.
363 1628 430 1693 Et,]
455 1638 486 1679 ut
506 1647 589 1698 saepe
615 1631 747 1695 dixurms,
769 1625 828 1681 κατ’
851 1624 1025 1697 ιιῖφημισμὸν
1050 1625 1168 1681 Eumeni·

141 1698 189 1749 olet
206 1706 345 1747 vocantur.
380 1699 472 1766 {Quod
489 1716 545 1750 nou
562 1699 667 1749 habeut
691 1699 794 1750 hortem
811 1699 994 1761 vohuitatem,
1017 1698 1038 1749 i.
1056 1714 1081 1749 e.
1102 1712 1171 1749 mett·

85 1786 89 1793 ¹
140 1772 214 1829 tem,
236 1766 306 1815 sicut
322 1767 433 1818 Parcae.
470 1766 541 1835 Quia
557 1770 625 1819 milli
644 1764 780 1833 perierint]
813 1767 966 1835 Nefand05
985 1766 1130 1835 sacrilego.
1143 1793 1171 1805 -

142 1842 205 1893 279.
227 1834 341 1902 [Coeum
350 1859 363 1903 ,χ
384 1835 499 1888 nomina
523 1844 587 1889 suut
603 1836 780 1903 Gigantum]
812 1837 865 1886 Per
884 1836 988 1886 Coeum
1012 1843 1111 1888 autem
1130 1828 1172 1901 [et]

142 1903 290 1973 Typhoeo,
308 1912 335 1956 et
351 1906 492 1974 Iapetum,
516 1920 613 1957 omnes
630 1908 755 1972 gigantes
771 1905 962 1972 intelligimus:
985 1904 1070 1973 [quos
1087 1901 1172 1971 quime

141 1970 208 2024 tuna
226 1971 293 2022 dicit
309 1990 368 2025 esse
387 1973 486 2038 neme]
502 2002 535 2011 -
571 1982 633 2031 280.
656 1975 691 2024 lit
708 1976 874 2026 coniuratos
893 1974 1002 2025 eoelum
1022 1971 1172 2023 rescindere

136 2038 263 2109 fratrem
282 2042 386 2092 (tthum
405 2050 432 2094 et
449 2042 608 2113 Ephialtem
623 2043 706 2107 dicit,
722 2044 780 2111 [qui
798 2045 911 2095 luerunt
926 2042 977 2093 lilii
994 2041 1120 2108 Neptuni
1148 2043 1173 2090 et

129 2125 241 2161 'novem
258 2111 350 2177 digitis
372 2111 485 2179 singulis
503 2110 667 2163 crescebant
689 2110 841 2163 mensibus:
866 2127 920 2178 qua
943 2112 1010 2163 freti
1034 2076 1172 2161 altitudine
1210 2164 1213 2175 Ι

141 2178 252 2230 coelum
270 2178 413 2230 voluerunt
429 2188 569 2233 evertere:
592 2181 640 2231 sed
664 2180 763 2229 centini
786 2188 848 2230 sunt
872 2180 977 2246 sagittis
994 2176 1128 2249 Apollinis
1147 2182 1171 2226 et

141 2246 268 2311 Dianae]
285 2274 332 2283 -·
354 2253 416 2304 281.
435 2248 510 2299 l’elio
529 2266 639 2311 ossam,·
663 2249 763 2315 [monti
780 2247 956 2312 Thessaliae]
992 2246 1071 2299 Pelio
1090 2260 1107 2295 o
1121 2244 1171 2295 lon-

142 2330 179 2433 pa
203 2323 258 2367 est:
283 2317 332 2368 sed
355 2316 388 2365 fit
411 2317 516 2379 brevis,
540 2325 670 2385 sequente
696 2318 827 2369 ovoeali:
849 2325 880 2367 ut
903 2314 1099 2382 (A.5,261·)=
1123 2311 1170 2363 Sul

159 2386 198 2434 lio
223 2385 289 2435 aito.
340 2387 462 2449 Ossam,¹
494 2386 580 2436 elium
611 2385 723 2451 (Burin.
746 2387 817 2436 coni.
845 2387 973 2435 alterum.
1013 2385 1055 2436 Al.
1080 2380 1172 2442 altum)

141 2459 267 2504 montem
293 2453 436 2505 Thraciae.
453 2481 489 2491 -
524 2462 585 2511 282.
605 2454 756 2521 Olympum
764 2478 773 2518 ,·
797 2455 911 2505 tertium
934 2462 1065 2505 montem
1088 2451 1172 2502 Mace

142 2520 256 2573 doniae:
279 2531 307 2574 et
324 2523 415 2589 (bene)
432 2523 546 2574 tertium
564 2525 640 2592 quasi
659 2524 795 2574 maiorem
819 2523 955 2573 involvere
973 2525 1020 2573 ait
1039 2548 1074 2559 -
1117 2524 1172 2575 28&

140 2589 397 2662 [Poter;1uppiter.
434 2591 572 2657 Disiecit;
602 2591 720 2655 deiecit]
738 2620 770 2629 -
806 2597 868 2648 254.
886 2592 1007 2656 Septimo
1025 2588 1172 2657 postdeet'·

57 2666 60 2671 '
143 2676 218 2709 mam
241 2661 328 2727 felix3
352 2670 398 2711 aut
422 2664 569 2731 septimam
586 2661 725 2712 decimam
743 2660 827 2726 dicit,
850 2669 898 2710 aut
921 2661 974 2711 hoc
1000 2660 1084 2711 dicit:
1106 2656 1173 2709 Felix

142 2727 255 2795 quidem
273 2737 314 2781 est
329 2731 463 2798 septima,
488 2732 533 2782 sed
552 2730 659 2781 felicior
676 2731 800 2779 decima:
825 2737 856 2778 ut
873 2730 998 2796 primum
1021 2729 1117 2779 locum
1132 2725 1173 2775 tle·

141 2797 232 2849 cimae
256 2799 466 2867 (detrolirrquat,
488 2798 625 2868 [quaesit
649 2798 830 2862 valde'fclix,
855 2800 1007 2849 secundum
1029 2797 1173 2867 septimae:
1211 2830 1213 2839 .

142 2881 215 2933 quae
238 2875 302 2935 post
316 2867 440 2919 decimae
463 2870 624 2920 felicitatem
648 2870 683 2918 sit
699 2867 832 2918 secunda:
862 2875 892 2916 ut
916 2866 1018 2918 eamd
1079 2926 1082 2931 Ι
1121 2860 1173 2915 ieli-
1211 2882 1213 2887 ·

142 2934 218 2999 sior,
248 2944 359 3005 excepta
386 2937 500 2988 decima.
541 2941 594 2988 Aut
617 2945 709 2999 certe,
738 2936 808 2985 sicut
832 2936 944 3002 quidem
975 2935 1039 2985 volu
1077 2932 1104 2999 ς]
1132 2928 1174 2983 elil

141 3011 272 3069 quartam
289 3003 429 3056 decimam
446 3007 586 3076 accipiunt
603 3013 633 3054 ut
650 3000 685 3055 sit
701 3004 780 3063 l'elix3
799 3011 840 3054 est
856 3005 973 3074 septima
990 2998 1174 3070 duplicanti·

143 3090 181 3135 e,
199 3074 274 3122 cuius
291 3089 424 3125 numerus
441 3084 503 3142 post
521 3075 659 3126 decimam
676 3073 829 3124 invenitur:
848 3089 901 3140 quo
920 3074 964 3123 die
983 3089 1014 3123 re
1033 3089 1099 3122 vera
1115 3070 1174 3119 vites

140 3139 240 3191 melius
257 3142 395 3210 ponimus.
418 3170 446 3180 -
480 3151 542 3201 2⁸5.
560 3142 719 3210 [Domitnre
744 3142 842 3205 hoves;
867 3142 1018 3205 instruere,
1042 3137 1174 3207 quomodo

143 3209 249 3275 possint
271 3212 358 3262 ferre'
372 3212 498 3264 laborem
521 3212 632 3263 orandi:
656 3218 684 3261 et
706 3211 794 3260 sciant
812 3210 846 3262 ad
869 3211 967 3277 iugum
985 3209 1090 3278 pariter
1108 3209 1174 3259 inse·

142 3276 234 3343 dere·]
259 3306 294 3315 -
344 3286 404 3338 286.
429 3282 511 3333 Nova
530 3280 603 3348 suge
630 3281 744 3342 melior,
769 3280 914 3331 contraria
933 3279 1045 3348 furtis,·
1070 3293 1128 3328 non
1150 3280 1176 3324 ut

142 3345 231 3396 stultis
248 3346 369 3413 videtur,
391 3350 519 3416 Virgilius
537 3359 585 3400 aut
601 3350 699 3414 sugam
717 3348 800 3399 servis
817 3349 926 3412 suadet,
949 3356 998 3399 eut
1014 3349 1055 3397 eis
1077 3344 1176 3397 indicet

63 3440 65 3445 ·
142 3413 201 3465 dies
224 3416 323 3482 quihus
345 3434 374 3468 se
398 3436 416 3471 a
438 3419 542 3487 rapinis
566 3418 728 3471 abstineant.
777 3417 850 3467 Nam
874 3424 903 3469 et
932 3418 1029 3480 fugam
1054 3412 1175 3485 dfipro·

139 3483 262 3534 lectione
285 3491 313 3535 et
335 3502 417 3536 mirsu
440 3487 571 3553 legimus:
596 3493 628 3537 ut
652 3487 704 3552 (G.
722 3495 755 3550 3,
772 3488 860 3545 202.)τ
887 3484 979 3535 Simul
1003 3478 1175 3550 urvo'ffugm

144 3553 233 3603 simul
251 3570 375 3620 aequora
394 3569 509 3606 verrunt
527 3556 577 3620 (Al.
594 3558 697 3620 verrit,
719 3557 815 3617 vertit,
840 3557 980 3616 verrens),
1004 3552 1078 3604 uude
1097 3551 1176 3602 etiam

143 3620 267 3673 velocem
291 3639 394 3689 equum
417 3626 548 3690 fugacem
565 3624 697 3675 dicimus:
721 3631 749 3674 et
771 3624 839 3689 fuga
857 3631 945 3693 potest
962 3622 1049 3673 etiam
1066 3620 1177 3695 honeste

144 3707 218 3756 osse,
240 3697 272 3740 ut
288 3692 310 3741 si
328 3693 388 3759 quis
404 3694 528 3759 hostem,
551 3694 653 3761 siquis
675 3692 869 3743 imminentem
893 3700 1057 3759 tyrannum,
1080 3689 1105 3738 si
1123 3701 1177 3754 quts

143 3775 254 3810 saevum
270 3760 392 3813 iudicem
409 3763 503 3829 fugiat.
537 3761 688 3812 Contrirrie
706 3769 800 3817 eutem
817 3760 915 3811 Furtis
931 3760 995 3810 illuc
1013 3764 1135 3826 spectat,
1151 3761 1178 3802 ut

144 3826 258 3878 domino
275 3829 309 3879 sit
331 3845 392 3900 spes
408 3829 566 3882 inveniendi
585 3831 658 3898 quod
677 3829 817 3895 amiserit,
842 3837 871 3881 et
886 3844 985 3897 repere
1002 3825 1110 3894 aliquid
1126 3839 1179 3875 ser-

144 3911 192 3946 vus
214 3897 348 3950 formidet
373 3900 525 3968 aufugiens.
549 3924 583 3935 -
625 3905 687 3955 287.
704 3899 794 3961 Adam
819 3897 838 3948 i.
857 3916 880 3949 e.
904 3896 990 3947 valde.
1033 3894 1179 3945 Terentius

143 3965 423 4032 (Eun·1,2‚124.):
453 3968 659 4019 Adotetceniem
678 3968 746 4018 adeo
766 3967 895 4017 nobilem.
930 3964 1036 4015 Melius
1055 3980 1084 4013 se
1106 3974 1180 4012 nocte

145 4032 258 4100 dedere5
287 4035 306 4087 i.
330 4053 354 4088 e.
378 4039 446 4106 [per
475 4034 608 4102 noctem]
632 4036 730 4090 melius
753 4043 848 4088 nostro
872 4034 1061 4103 obsequuntur
1083 4029 1180 4083 labori.
