2430 4620
193 318 232 361 m
256 246 791 383 menstruatarum,
817 274 968 373 ιιι-’κζ
1088 308 1110 372 s
1186 352 1191 377 i

94 501 139 537 ee:
167 483 254 535 simul
271 487 358 538 etiam
382 486 491 558 tropaei
509 486 663 539 ostenditur
679 503 769 539 cause.
804 487 853 557 [Et
868 487 1023 548 verecunde
1038 478 1105 542 cum

93 556 141 604 :ius
168 570 239 623 opus
263 556 313 620 sit,
338 556 561 625 impersonaliter
586 555 656 620 aite]
679 558 795 622 Abesse,
819 557 905 608 absit:
927 573 995 609 nam
1018 559 1103 612 tertis

93 639 177 674 rsona
196 630 246 674 est.
263 622 375 682 -'15.
396 622 478 691 Quod
496 639 637 693 superest;
660 627 679 676 i.
695 645 719 679 e.
737 626 772 678 de
789 624 914 694 reliquo:
937 633 965 679 et
988 633 1029 679 est
1052 625 1101 678 ab·

95 700 145 742 uta
162 692 292 743 elocutio.
327 693 374 761 [Ut
391 699 417 760 (9
425 729 433 757 ,
449 696 537 755 157.):
565 693 649 761 Quod
667 706 811 761 superest,
835 696 903 745 laeti
927 696 993 746 dene
1010 699 1100 763 gestis

93 779 178 826 rpora
206 760 309 828 rebus]
345 761 382 810 Et
405 763 437 813 de
462 780 524 830 rege
542 765 661 828 superbo
685 768 847 831 primitiae,-
870 771 918 815 aut
942 763 995 818 hoc
1018 765 1100 817 dicit:

93 829 200 881 ,untias
222 829 293 882 istae
317 845 385 897 quas
407 831 539 897 fecimus,
563 849 619 884 non
644 832 678 884 de
702 833 782 902 plebe
806 839 885 896 sunt,
908 831 958 883 sed
980 831 1014 883 de
1030 848 1099 900 rege

93 898 266 966 serbissimo.
300 899 355 948 Aut
378 907 454 953 certe
477 917 576 968 regem
591 901 749 971 ¹superbum
768 902 896 952 Turnum
920 901 1098 970 accipiamus.

93 984 128 1018 ,m
146 967 183 1019 de
201 969 262 1036 ipso
279 965 398 1034 legimus
422 975 481 1036 (10,
497 971 584 1028 4459:
609 973 643 1020 At
659 970 799 1021 Remulum
825 972 958 1021 abscessu
984 971 1098 1021 iuvenis

93 1055 122 1086 re
139 1039 228 1102 (cum)
249 1037 331 1085 iussa
349 1039 469 1104 superba
488 1037 630 1088 Miratur.-
650 1047 680 1088 ut
695 1040 729 1089 sit
745 1055 855 1091 sensus:
872 1040 948 1091 Haec
965 1037 1051 1107 spolia
1070 1046 1099 1090 et
1126 1066 1129 1073 ·

93 1121 129 1156 nc
145 1106 270 1174 primam
289 1104 355 1155 belli
372 1113 481 1173 partem
503 1107 624 1174 superbo
641 1108 736 1158 Turno
754 1107 921 1158 sustulimus.
954 1108 1026 1157 Nam
1044 1107 1098 1158 hoe

93 1174 200 1233 itheton
215 1173 367 1241 proprium
386 1175 473 1226 Turni
491 1183 545 1240 est,
570 1177 643 1244 quod
662 1176 687 1226 ei
709 1177 833 1244 Virgilius
858 1190 908 1245 pro
925 1168 1033 1247 ingenti
1050 1177 1099 1228 dat

93 1243 172 1294 clere.
203 1244 285 1312 Apud
302 1243 423 1295 maiores
440 1243 516 1295 enim
532 1246 661 1311 superbia
684 1245 711 1295 in
735 1261 782 1295 eus
806 1246 912 1296 facinus
935 1245 1004 1309 luit,
1027 1245 1099 1301 adeo

108 1311 274 1378 Tarquinius
293 1327 343 1380 pro
360 1312 454 1363 multis
472 1313 621 1364 sceleribus
635 1261 751 1384 ‘superhi
775 1329 879 1365 nomen
897 1313 1044 1382 acceperit.
1064 1340 1098 1351 -

93 1379 279 1430 ‚Mezentius
298 1379 344 1430 bic
369 1393 424 1444 ωε,-
450 1379 524 1450 [pro]
542 1383 609 1431 talis
628 1395 681 1448 est,
706 1391 737 1433 ut
760 1386 805 1450 (9,
822 1382 909 1442 4819:
933 1381 1020 1432 Hune
1045 1399 1097 1450 ego

93 1449 223 1516 Euryale
250 1449 383 1515 ospicio?
417 1451 455 1517 [l.
473 1470 497 1501 e.
523 1451 624 1512 talcm3
650 1460 678 1502 et
701 1460 796 1502 utrum
840 1469 871 1503 er
896 1459 1099 1518 contemptum,

103 1535 159 1587 per
182 1517 533 1579 commendationem'hoc
557 1469 838 1587 pronuntiandumtl
865 1517 1021 1587 Murosque
1040 1518 1096 1571 Ln-

95 1604 130 1637 os
136 1609 145 1651 ,·
165 1588 254 1654 [bene
273 1587 352 1654 quasi
367 1587 421 1638 hoc
436 1587 525 1638 solum
543 1595 627 1639 restet
645 1595 671 1640 et
688 1589 741 1640 linc
759 1586 857 1651 dicitr]
872 1589 931 1639 lam
949 1589 1098 1657 campestri

93 1657 247 1706 >eravimus
265 1655 386 1721 praelio:
404 1656 488 1708 restat
505 1664 535 1706 ut
552 1658 638 1708 etiam
657 1657 800 1708 obsidione
818 1657 964 1708 viucames.
999 1657 1097 1709 Credit

95 1740 129 1774 m
146 1726 227 1792 quod
245 1725 296 1775 sibi
320 1725 377 1775 iam
395 1734 489 1794 aperte
513 1725 601 1777 nullus
618 1734 761 1777 occurrat:
784 1742 836 1801 pec
860 1726 988 1777 inaniter.
1021 1726 1097 1777 Nam
1158 1771 1163 1791 ,

93 1795 181 1864 paulo
201 1800 264 1863 post
279 1793 402 1844 dicturus
420 1805 461 1845 est
478 1794 600 1845 Turnus:
625 1793 713 1845 Furta
732 1813 801 1862 paro
821 1795 894 1845 helii.
929 1795 966 1844 Et
982 1795 1012 1846 iu
1029 1794 1097 1846 duo·

93 1865 158 1914 :imo
179 1863 249 1928 (34.)
267 1862 393 1913 Latinus:
421 1862 475 1913 Vix
494 1865 560 1912 urbe
586 1875 695 1914 tuemur
713 1864 780 1929 Spes
798 1863 948 1913 Italas.—
984 1870 1026 1920 16.
1043 1864 1096 1915 Ar-

115 1943 230 1998 parata
256 1933 376 1993 animis;
404 1941 452 1982 aut
468 1932 618 2000 Hypallage
642 1941 696 1996 est,
719 1949 770 2002 pro
796 1934 885 1982 armis
909 1943 1007 1997 parate
1030 1936 1096 1983 oni-

93 2019 116 2050 a.
163 2002 228 2050 Aut
249 2007 323 2050 certe
348 2009 390 2051 est
413 2001 546 2051 mutanda
569 2000 724 2065 distinctio,
748 2010 779 2051 ut
796 2001 844 2052 sit:
870 2001 969 2052 animis
994 2009 1023 2054 et
1046 2017 1095 2069 spe

97 2069 226 2120 esumite
245 2067 354 2120 bellum.
389 2067 561 2119 Praesumite
580 2070 699 2134 bellum,-
717 2077 812 2121 mente
829 2077 1047 2138 praeoccupate,
1065 2077 1097 2120 ut

93 2156 131 2188 ra
163 2137 282 2188 Turnus
305 2143 353 2203 (9,
378 2142 472 2201 158.J:
502 2139 537 2188 Et
563 2156 689 2205 pugnam
725 2151 832 2205 sperate
857 2140 965 2205 parari.
1016 2138 1093 2191 Bene

94 2222 146 2258 em
164 2206 210 2256 ait
230 2209 415 2273 praesumite,
439 2207 516 2275 quasi
533 2223 594 2259 rem
612 2209 669 2258 iam
687 2209 728 2259 sui
745 2199 827 2272 iuris,
852 2215 882 2258 ut
899 2208 925 2259 ei
942 2206 1038 2259 deberi
1057 2207 1096 2258 vi-

93 2283 148 2326 .tur
168 2282 250 2326 certa
269 2275 388 2327 victoria.
400 2302 434 2313 -
472 2281 513 2333 19.
530 2275 584 2343 [Ne
603 2294 658 2342 qua
678 2294 772 2339 mara‚·
792 2277 868 2340 ord0,
886 2295 922 2327 ne
940 2292 994 2344 qua
1012 2290 1094 2329 mora

93 2342 214 2412 peditat]
261 2338 364 2394 Vellere
389 2347 475 2412 signa
499 2346 660 2395 Annuerint
687 2346 882 2412 superbipue
915 2343 979 2412 [in]
1012 2360 1094 2396 moru

93 2412 146 2477 isJ,
174 2428 244 2462 cum
262 2413 376 2482 captatis
395 2414 516 2480 auguriis
534 2415 569 2465 ad
595 2413 700 2467 bellum
718 2415 790 2466 exire
807 2416 990 2480 coeperimus.
1013 2413 1092 2471 ,Vel-

93 2491 223 2532 rautem
241 2482 355 2549 proprie
372 2482 452 2547 dixit,
476 2483 541 2550 quia
566 2482 696 2535 Romana
718 2483 798 2550 signa
821 2483 977 2551 figebantur
1000 2482 1030 2533 in
1047 2500 1094 2534 ca·

95 2568 123 2600 s:
148 2559 178 2602 et
198 2566 265 2599 cum
282 2550 439 2620 rad-bellum
458 2550 579 2602 eundum
603 2553 713 2617 luisset,
737 2552 853 2618 captetis
878 2548 999 2617 auguriis
1022 2551 1094 2603 avel-

93 2627 180 2671 antur
201 2627 318 2670 eterra.
352 2620 425 2694 llam
443 2620 509 2672 alibi
527 2639 560 2672 ea
583 2620 631 2688 figi
654 2638 710 2673 non
733 2620 842 2672 licebat.
877 2620 929 2671 Sed
954 2621 1025 2670 inter
1044 2635 1093 2671 au-

93 2689 128 2739 ia
154 2688 243 2740 etiam
267 2688 320 2738 hoc
344 2688 513 2752 habebatur,
542 2689 565 2739 si
595 2689 758 2743 evellentem
788 2689 869 2741 facile
900 2696 1093 2754 sequerentur,

93 2774 116 2806 ro
144 2766 177 2807 ut
196 2773 263 2807 cum
288 2757 343 2807 lilio
361 2758 391 2807 iu
409 2757 507 2808 Orodis
534 2758 798 2822 (Guelf.1.arahis)
823 2758 895 2809 bello
921 2758 957 2806 sit
976 2758 1093 2808 *Crassus

93 2828 169 2892 isus,
197 2827 247 2892 qui
264 2827 351 2876 iturus
369 2825 404 2876 ad
439 2826 559 2877 realium
577 2827 622 2891 (al.
640 2826 795 2888 Parthiam)
813 2827 931 2878 avellere
956 2825 1034 2894 signa
1053 2825 1094 2876 vir

93 2897 145 2946 uit.
181 2895 278 2962 [Quod
296 2895 381 2946 etiam
398 2843 532 2946 Fhminio
550 2896 672 2962 contigit,
689 2898 736 2964 qui
754 2910 819 2946 cum
835 2896 997 2964 imperasset
1013 2895 1093 2961 signa
1147 2912 1151 2924 ³

93 2967 121 3030 i,
146 2979 240 3031 eaque
258 2978 314 3014 non
332 2972 442 3032 possent
458 2964 578 3027 moveri,
604 2968 701 3016 effosso
719 2964 783 3016 'solo
809 2966 911 3031 inquo
936 2972 1016 3014 erant
1033 2965 1093 3028 lira,

94 3049 207 3100 magna
231 3033 338 3083 extrahi
362 3033 517 3101 praecepit,
548 3041 576 3084 et
598 3033 748 3086 infeliciter
773 3034 846 3084 auiid
871 3033 1093 3100 Thrasymennus

93 3106 190 3170 gnavit.
231 3103 284 3152 Alii
302 3102 550 3167 vellere„movere
575 3103 720 3167 accipiunt.
761 3096 881 3153 l-llnius:
907 3102 966 3150 Rex
992 3102 1092 3150 deinde

93 3185 153 3221 stus
174 3170 318 3221 Convellit
337 3188 411 3236 sese,
436 3179 465 3222 et
480 3172 509 3223 iu
527 3171 610 3221 sacris
629 3173 751 3222 convelli
771 3189 866 3221 mensa
886 3170 1001 3234 dicitur,
1028 3184 1093 3218 cum

93 3243 161 3291 itur.
181 3266 221 3276 -
256 3246 300 3295 20.
317 3240 477 3290 Annuerint
501 3241 631 3305 superbe,
656 3240 727 3291 bene
752 3240 782 3290 in
807 3239 998 3291 adhortatione
1023 3237 1093 3288 nihil

93 3310 271 3378 inauspicato
288 3309 330 3360 vel
345 3310 404 3359 sine
417 3309 533 3359 deorum
547 3309 685 3360 voluntate
702 3310 841 3359 facturum
856 3308 1007 3376 promittit3
1025 3305 1091 3357 ideo

93 3397 103 3429 1
120 3379 191 3430 dixit
210 3379 324 3441 Iussero,
340 3377 388 3428 sed
407 3393 471 3428 cum
488 3377 540 3428 divi
558 3376 704 3441 iusserint]
722 3404 756 3414 -
791 3387 835 3434 22.
853 3378 962 3427 Interea
981 3377 1073 3426 socios
1080 3398 1091 3439 ,-

93 3465 137 3499 1ec
155 3456 269 3515 tempus
287 3446 434 3496 obsidionis
456 3445 590 3497 adveniat.
624 3448 671 3514 [Et
689 3447 798 3496 Interea
824 3449 932 3508 socios,
959 3443 1092 3494 inhuma-

93 3535 130 3566 ne
151 3534 274 3582 corpora
299 3527 402 3579 terrae,
424 3508 453 3566 ’ἐν
478 3510 525 3566 deal
549 3511 625 3567 δυοῖν
647 3531 699 3583 pro
727 3533 842 3580 corpora
870 3512 1039 3578 sociorum]
1058 3539 1092 3551 -

111 3585 174 3651 Qui
193 3587 274 3636 solus
294 3592 360 3645 etc,
377 3586 440 3652 [hoc
457 3585 520 3635 ideo
538 3582 640 3648 intulit,
657 3585 722 3652 quia
734 3585 765 3636 in
781 3592 854 3634 serto
869 3583 953 3648 (329.)
971 3583 1004 3634 de
1020 3583 1092 3634 inse-

93 3656 127 3705 tis
140 3655 214 3705 dixit
222 3653 239 3717 :]
258 3653 355 3718 (Codd.
370 3661 492 3704 tantum:
510 3654 644 3720 propter):
664 3654 779 3703 Centum
795 3665 890 3702 errarit
905 3669 1007 3717 annos,
1019 3651 1092 3702 voli·

93 3736 163 3790 itque
189 3723 260 3773 haec
284 3724 369 3773 litora
395 3725 510 3773 circum.
544 3722 698 3790 [Palinurus
715 3725 823 3774 Aeneae
842 3726 890 3786 (6,
908 3722 995 3781 366.);
1024 3718 1091 3770 Por-

96 3811 147 3859 que
176 3794 288 3858 require
317 3791 447 3854 Velinos,
478 3792 596 3840 Sedibus
623 3803 653 3840 ut
677 3793 775 3842 saltem
799 3791 980 3858 placidisin
1005 3799 1092 3839 morte

93 3861 216 3925 iescam]
252 3861 288 3909 Et
305 3861 375 3912 bene
393 3860 544 3912 Acheronte
563 3862 614 3910 suh
636 3864 708 3925 imo,
735 3862 799 3928 quia
822 3862 891 3911 haec
915 3875 961 3910 res
978 3858 1013 3908 ad
1033 3873 1093 3906 um·

93 3947 110 3980 is
139 3939 256 3980 tantum
285 3930 413 3997 pertinet.
462 3930 534 3980 Nam
566 3929 639 3996 apud
669 3931 819 3997 prudentes
841 3929 970 3980 homines
993 3925 1094 3976 nullius

93 4001 186 4051 menti
212 4006 276 4047 sunt
300 3999 360 4048 ista.
379 4024 412 4036 -
447 4004 490 4054 24,
510 3999 575 4066 (lte,
600 4002 656 4059 ait3
680 4001 775 4050 vitiose
797 4000 827 4050 in
852 3998 944 4050 media
968 3996 1094 4046 oratione

93 4106 100 4136 ,
125 4068 256 4137 positum
281 4062 379 4119 Critioi
409 4067 527 4134 notent]
570 4067 709 4137 Egregiae
734 4070 865 4131 animas,
896 4065 1005 4133 ingenti
1033 4071 1095 4117 arte
