2430 4620
233 316 236 321 ·
280 327 284 332 -
327 263 867 403 nostrarunarsssfns
921 310 922 314 ¹
1032 301 1116 368 ne

67 482 128 550 upli
148 489 264 559 pectore
280 481 431 536 adsecutus.
448 510 482 523 ··
516 478 579 544 673.
596 454 739 550 eenpteaa
757 482 853 550 pedes3
878 431 1115 550 epicurizantium

66 554 148 603 Haec
168 553 244 602 enirn
262 555 363 617 omnia
381 570 438 605 non
456 563 514 606 tant
532 555 724 611 narrationem
742 557 826 621 quant
845 592 850 603 .
870 591 876 604 .
894 590 901 604 .
925 554 1116 620 spectaculum
1209 602 1211 611 ι

68 658 76 672 .
98 659 105 671 .
127 658 134 670 .
153 631 220 672 ante
236 621 407 673 nuntiantur.
420 649 455 661 -
490 626 552 678 674.
570 620 746 690 Poenumque
764 623 842 690 patri
859 622 987 674 tendebat
1001 623 1115 688 Iulum-,-

67 689 133 760 plus
152 698 195 742 est
212 704 297 757 quam
314 691 336 740 si
353 691 474 742 dixisset:
497 687 571 742 Mihi
595 700 627 742 ut
645 695 679 744 ad
696 691 875 751 retinendum
893 729 899 742 .
919 690 1007 743 ..tis
1020 692 1058 743 vis
1075 693 1116 744 af-

67 758 203 810 fectionis
228 754 299 826 esslt
321 759 385 824 (hoc
410 759 522 822 omine).
541 785 576 796 -
610 766 672 818 678.
695 755 732 811 Et
756 761 873 810 coniunx
897 760 1040 828 quondam
1064 773 1116 811 tna

10 888 23 899 ·
71 820 239 895 relinquar}
265 827 381 879 feminei
397 828 498 881 dolo'ris
517 827 651 896 obiectio,
669 845 723 898 qua
740 845 792 880 nec
809 828 891 880 deciis
909 847 942 881 ea
960 830 1067 895 (decore
1084 830 1116 894 a)
1155 889 1157 893 Α

69 898 179 947 marito
197 911 266 946 uxor
281 897 465 964 relinquenda
482 905 621 968 proponat
638 935 644 948 .
664 935 672 950 .
689 935 696 949 .
714 896 791 968 prius
815 895 947 964 personas
964 897 1001 950 ad
1016 899 1116 952 suffra·

71 967 152 1034 glum
177 963 340 1016 retentionis
365 966 482 1032 obiciat3
506 974 602 1018 tamen
626 967 674 1018 nbi
698 967 733 1018 ed
749 982 831 1016 suum
853 968 979 1036 pervenit
1001 983 1116 1034 nomen,

73 1035 245 1086 oblivionem
269 1035 316 1085 sui
338 1043 455 1085 accusat.
473 1062 509 1072 -
544 1038 580 1085 At
596 1048 675 1100 pater
694 1034 847 1099 Anchises,-
871 1037 993 1104 peritum
1016 1036 1117 1088 multa·⁴

53 1119 138 1154 -rum
163 1101 372 1172 disciplinarum
388 1105 525 1155 Anchisen
551 1105 634 1156 luisse
652 1142 658 1155 .
676 1142 683 1155 .
701 1141 709 1156 .
725 1111 810 1154 stunt.
844 1103 1042 1156 Naevius...
1067 1102 1117 1172 qui

73 1171 114 1223 ita
131 1171 185 1223 deo
212 1174 258 1238 (de
275 1170 318 1234 eo)
342 1173 395 1224 sit:
421 1173 524 1224 Doctus
548 1174 681 1236 Anchisa,
704 1188 788 1241 quent
812 1173 902 1224 Venus
926 1172 1117 1243 pulcherrima

24 1278 34 1283 -
72 1240 275 1302 Diuum)fata
293 1241 387 1307 docet,
411 1241 535 1293 divinum
559 1250 591 1292 ut
611 1251 708 1309 pectus
724 1240 850 1292 haberet.
883 1240 934 1292 Plu
951 1278 958 1292 .
976 1278 983 1292 .
1000 1279 1009 1293 .
1025 1245 1117 1312 posits

74 1311 137 1370 nor)
155 1324 288 1363 serenum
305 1318 374 1362 erat.
388 1335 423 1348 -
457 1311 668 1368 693sintonut't
686 1311 813 1373 laevum,·
830 1307 972 1360 sinistrum
989 1310 1008 1361 i.
1024 1328 1049 1362 e.
1067 1311 1121 1360 ho·

74 1395 158 1442 nurn,
175 1377 211 1429 ab
228 1393 262 1431 eo
279 1378 355 1448 quod
371 1416 378 1430 .
396 1416 405 1431 .
420 1415 428 1432 .
445 1380 508 1430 ideo
526 1379 631 1431 dictum
647 1380 683 1429 sit
701 1416 708 1429 .
725 1416 733 1430 .
750 1415 757 1429 .
774 1379 849 1445 quod
865 1379 895 1429 in
913 1374 1037 1448 posticis,
1054 1378 1072 1429 i.
1086 1395 1115 1430 e.

10 1476 12 1481 ·
75 1456 178 1500 ratum.
212 1447 267 1500 s'aa
282 1447 390 1499 fulmen
408 1447 483 1500 unde
500 1447 636 1514 exoritur,
653 1447 682 1498 id
700 1447 803 1499 servari
822 1454 949 1516 oportet,
964 1454 993 1499 et
1009 1447 1116 1499 tonitru

75 1515 124 1567 ubi
141 1515 244 1568 desinit
259 1553 267 1567 .
285 1551 291 1566 .
308 1553 317 1570 .
333 1515 465 1582 sinist(r)a
481 1524 575 1582 tonat,
598 1517 737 1587 optimum
753 1515 785 1565 fit
800 1516 970 1585 auspicium,
980 1515 1015 1566 -si
1029 1515 1116 1568 modo

10 1618 42 1643 ,.
76 1600 132 1636 nott
157 1584 269 1654 posticis
292 1585 341 1637 sed
365 1585 461 1635 aretinis
487 1585 584 1636 evenit.
610 1611 645 1623 -—
668 1590 748 1644 >694
767 1584 852 1635 Stella
871 1584 968 1653 sorem
994 1584 1117 1648 duceris,-

76 1654 202 1720 ...qui
225 1653 281 1719 ait,
304 1652 440 1705 Troianos
463 1654 572 1709 stellam
597 1653 697 1706 ducem
721 1652 890 1705 discessionis
914 1653 1117 1707 habuisse...

79 1736 125 1771 um
144 1723 273 1775 exactius.
306 1720 380 1789 Quid
402 1721 426 1772 si
450 1723 544 1775 facem
561 1722 682 1781 ducens?
717 1721 822 1774 Omnes
839 1721 916 1773 enim
934 1722 982 1789 qui
999 1725 1034 1775 de
1051 1737 1117 1791 pro·

78 1789 158 1858 digiis
178 1791 273 1860 aliqua
295 1791 480 1856 scribserunt,
503 1793 595 1856 aiunt,
618 1791 693 1860 quod
717 1791 814 1842 si...
833 1805 849 1839 o
868 1790 997 1841 exciderit
1014 1828 1020 1840 .
1038 1828 1048 1844 „
1063 1828 1071 1842 .
1087 1808 1116 1842 r-

10 1878 40 1899 -·
78 1858 181 1912 tendas.
216 1858 299 1926 Atqui
315 1859 446 1911 Anchises
463 1860 537 1912 velut
560 1861 666 1912 bonum
691 1859 845 1928 auspicium
864 1875 920 1910 esse
938 1858 1055 1910 laetatus
1073 1865 1115 1911 est

10 1982 25 2003 h
79 1963 85 1976 .
103 1958 134 1979 .=.
153 1946 170 1979 a
187 1926 284 1997 peritis
300 1929 390 1996 magis
407 1938 552 1998 acceptum
569 1938 617 1994 est,
634 1929 708 1998 quod
724 1927 753 1978 in
769 1944 802 1978 re
819 1964 826 1978 .
844 1962 850 1979 .
868 1961 876 1979 .
893 1927 991 1978 dolosis
1004 1928 1117 1980 adversa

78 1997 162 2063 signis
187 1996 314 2066 prodigia
341 1996 449 2055 casibus
473 2014 539 2068 expe
557 2037 563 2049 .
582 2035 588 2048 .
606 2033 613 2048 .
630 2025 665 2036 -
705 2003 767 2054 703.
796 1995 923 2046 Vestrum
948 1996 1000 2047 lts‘c
1023 2002 1114 2064 nugat

79 2083 173 2130 rrum·,·
200 2066 383 2117 discessionis·
399 2074 426 2118 et
450 2067 581 2133 (vaticinii
601 2103 607 2118 .
626 2102 657 2118 ..
680 2065 853 2135 reparandae
877 2067 966 2132 gentis
990 2065 1115 2135 interprc

10 2134 15 2139 '
79 2169 110 2186 ..
129 2171 138 2187 .
155 2141 261 2184 utnon
278 2135 381 2203 perissa
399 2134 515 2187 Troiam
537 2138 681 2204 signorum
704 2135 891 2205 praesentium
908 2133 1050 2185 maiestate
1068 2135 1116 2185 do·

77 2211 188 2264 ecaton
206 2202 255 2270 qui
270 2205 419 2255 numinum
435 2205 512 2256 favor
530 2221 547 2254 a
564 2204 709 2254 serenitate
726 2213 872 2255 reseretur.
889 2227 923 2240 -··
956 2207 1018 2260 714.
1038 2202 1116 2254 Cere·

78 2275 120 2325 ‘ris
147 2272 287 2333 desertam
312 2276 390 2340 quasi
414 2291 430 2324 a
454 2274 511 2324 lilia
533 2273 696 2338 derelictae,
718 2280 939 2340 perpetuumque
962 2273 1117 2342 epithetum
1152 2327 1154 2332 ,

77 2341 185 2394 iaciunt
207 2349 322 2410 propter
345 2348 457 2412 raptum
479 2342 676 2409 Proserpinae,
702 2342 744 2394 vel
765 2377 772 2392 .
796 2378 804 2392 .
829 2378 835 2393 .
859 2357 889 2390 m
914 2356 999 2409 quem
1021 2349 1117 2412 postea

10 2448 13 2455 .
76 2417 145 2481 aput
168 2409 274 2461 inleros
298 2410 364 2461 vidit
387 2412 491 2463 Aeneas
517 2413 570 2482 (cf.
587 2417 620 2476 6,
636 2411 723 2471 tutu
764 2410 923 2473 imitatione
946 2426 1012 2462 sane
1036 2410 1117 2485 huius

77 2478 210 2551 epitheti,
236 2477 344 2530 atinde
362 2486 451 2531 tracta
469 2480 663 2532 existimatur.
682 2515 714 2530 ..
748 2483 820 2544 „Ara
837 2486 879 2530 est
895 2479 972 2530 Isidis
989 2480 1115 2532 desertae
1147 2498 1150 2503 ·

75 2551 132 2617 „sic
152 2545 307 2619 appellatae
325 2557 440 2616 propter
457 2549 615 2601 huiusmodi
632 2563 759 2601 causam:
783 2548 848 2616 quia
866 2549 1007 2614 quondam
1031 2564 1063 2600 ex
1085 2548 1118 2600 li·
1188 2566 1210 2603 Α

75 2619 152 2688 „bris
170 2652 177 2668 .
196 2652 229 2667 ..
256 2624 283 2667 et
304 2633 354 2682 per
379 2619 585 2684 inprudentiam
611 2633 700 2685 agnae
723 2618 812 2668 hostia
838 2626 1012 2681 consecrata,
1042 2618 1118 2685 quod

74 2685 223 2756 „sicumare
248 2700 334 2751 genus
357 2686 428 2738 adeo
452 2706 468 2738 a
491 2687 567 2737 cultu
589 2687 665 2738 Deae
690 2686 748 2743 eius
772 2687 895 2738 alienum
919 2694 974 2749 est,
1008 2698 1038 2735 ut
1065 2688 1116 2751 qni
1140 2712 1143 2719 ·

76 2770 180 2824 „sacra
198 2752 257 2804 eius
272 2753 420 2818 celebrant,
438 2756 551 2824 agmina
569 2773 652 2806 carne
670 2755 778 2823 penitus
795 2762 883 2804 semet
899 2755 1118 2806 abstineant.”-

10 2840 25 2863 ’-
76 2833 142 2884 ΉἹ.
160 2821 234 2886 Cape
252 2838 335 2873 soora
355 2840 460 2888 menn,·
486 2827 572 2875 Varro
591 2824 711 2875 secundo
728 2823 909 2874 historiarum
928 2823 1115 2890 (annutiant

69 2899 113 2949 cf.
131 2892 240 2943 Charis.
264 2905 290 2957 p.
308 2897 359 2956 81,
377 2900 411 2949 17
434 2893 477 2946 ed.
503 2893 622 2954 Putsch.)
644 2894 745 2963 refert,
769 2895 895 2958 Aenean,
918 2902 999 2959 capte
1024 2892 1118 2959 Trois,

76 2978 177 3016 arcem
191 2975 254 3010 cum
269 2959 393 3028 plurimis
408 2977 561 3030 occupasse,
578 2977 735 3030 magnaque
747 2961 867 3010 hostium
885 2998 892 3016 .
911 3002 916 3011 .
934 2999 941 3013 .
960 2963 1118 3014 obtinuisse

78 3029 204 3093 abeundi
228 3035 400 3096 potestatem.
446 3033 487 3081 lta
512 3068 518 3083 .
544 3069 550 3081 .
575 3069 581 3082 .
607 3034 726 3083 auferre.
761 3029 895 3097 Cumque
919 3030 994 3083 circe
1018 3036 1117 3098 (arma)

80 3115 203 3170 opesque
220 3098 285 3148 alias
303 3099 389 3162 ceteri
406 3107 597 3165 morarentur,
619 3102 731 3163 Aenean
752 3107 863 3168 patrem
881 3112 962 3150 suum
984 3100 1054 3151 collo
1072 3119 1118 3151 en-

77 3172 200 3231 telisse5
227 3168 454 3234 mirantibusque
478 3168 585 3218 Achivis
609 3166 682 3230 hanc
706 3167 855 3236 pietatem,
878 3169 1012 3220 redeundi
1034 3170 1117 3219 Ilium

61 3238 195 3318 xcopiam
212 3236 322 3299 datam,
339 3254 371 3286 ac
389 3237 461 3287 Deos
479 3237 593 3289 Penates
610 3238 708 3304 ligneis
724 3236 818 3304 sigillis
834 3236 878 3287 vel
892 3236 1014 3307 lapideis,
1030 3246 1118 3291 terrc-

77 3309 121 3361 nis
141 3321 253 3374 quoque
269 3308 380 3356 Aenean
399 3342 406 3355 .
424 3342 431 3356 .
449 3341 457 3355 .
474 3322 557 3372 quant
580 3324 644 3358 rem
663 3307 784 3357 Graecos
801 3312 941 3374 stupentes
959 3310 1052 3359 omnia
1069 3324 1119 3358 sua

78 3374 229 3429 auferendi
252 3381 415 3442 potestatem
440 3374 558 3436 dedisse,
582 3391 669 3441 eaque
692 3402 749 3427 ι..
771 3400 807 3412 -
851 3374 955 3426 Atticus
971 3377 1014 3431 ‚de
1037 3384 1117 3444 patre
1141 3411 1147 3432 1

79 3444 236 3507 consentit,
261 3441 293 3491 de
319 3443 467 3493 Penatibus
491 3452 589 3510 negat,
612 3442 663 3495 sed
684 3459 716 3494 ex
740 3441 930 3496 Samothracia
953 3444 984 3496 in
1008 3447 1118 3499 ltaliam

78 3515 217 3566 devectos.
254 3511 357 3562 Contra
375 3527 459 3579 quam
478 3513 638 3577 opinionem
655 3514 777 3565 refertur
794 3549 801 3563 .
819 3551 826 3565 .
845 3549 851 3563 .
869 3530 886 3565 a
902 3515 1008 3579 Vestae,
1023 3515 1119 3566 incen-

79 3585 116 3634 sis
133 3580 214 3632 Deae
239 3578 297 3630 eius
320 3580 389 3643 aris,
415 3596 448 3630 ex
472 3582 560 3630 ruinis
583 3580 676 3632 troicis
699 3581 823 3632 liberata.
858 3581 973 3634 Additur
997 3584 1083 3636 etiam
1100 3601 1118 3636 a

79 3652 121 3706 ,L.
142 3647 239 3701 Cassio
258 3647 389 3698 Censorio
414 3647 608 3714 (Heminal),
631 3649 767 3709 miraculo
790 3651 880 3718 magis
896 3654 1008 3705 Aenean
1032 3654 1118 3722 patris

80 3740 113 3773 .’.
133 3757 140 3771 .
163 3732 229 3770 rem
253 3714 326 3767 inter
351 3718 446 3768 hostes
466 3720 601 3769 intactum
626 3719 824 3789 properavisse.
874 3721 944 3771 Item
968 3721 1118 3787 (Varrol)

78 3788 262 3841 historiarum
279 3785 351 3836 libro
370 3787 398 3836 ‚L
415 3786 467 3837 ait:
495 3787 544 3839 llio
562 3796 642 3857 capto
660 3825 667 3839 .
685 3825 692 3839 .
710 3826 716 3840 .
735 3787 881 3840 Penatibus
899 3792 1002 3842 umeris
1019 3791 1120 3862 inposi-

25 3912 30 3918 ,
78 3862 115 3909 tis
133 3854 273 3927 erupisse,
295 3854 417 3920 duosque
434 3855 503 3904 lilios
520 3857 667 3907 Ascanium
686 3865 713 3908 et
729 3858 888 3924 Eurybaten
911 3844 1042 3910 bracchio
1061 3861 1119 3913 eius

51 3934 56 3947 ‘
77 3926 189 3979 innixos
207 3930 272 3975 ente
290 3938 340 3974 ora
356 3922 478 3974 hostium
497 3941 563 3993 praa
582 3963 588 3976 .
606 3964 612 3976 .
631 3964 638 3976 .
655 3942 668 3976 s
686 3925 771 3977 etiam
787 3928 814 3978 ei
831 3943 927 3989 navas,
945 3943 1120 3987 eoncessum-

78 4013 143 4064 que,
160 4000 193 4044 ut
210 4007 277 4062 quas
295 3992 376 4043 vellet
393 3993 427 4043 de
445 3993 558 4044 navibus
576 3998 686 4046 securus
703 3995 823 4047 velteret.
838 4017 871 4032 ·-
906 4001 968 4059 719.
985 3995 1118 4048 Flumine

79 4068 163 4125 aim
190 4063 280 4113 solent
302 4061 420 4126 quidam
444 4062 609 4114 calumniari
632 4062 697 4132 quid
720 4063 820 4116 dixerit
842 4062 909 4114 vivo.
950 4061 1069 4117 Ssd'est
1092 4074 1120 4119 et
