2430 4620
224 64 230 73 ⁶
261 135 296 176 n«
317 115 472 180 utnon„
495 114 657 179 otono.
677 115 710 191 1,
730 118 929 187 emens
1052 116 1135 217 213st

59 303 185 375 ¹nuilus
198 301 313 365 moliri,-
329 301 348 353 i.
359 319 385 353 e.
398 301 514 371 sucispia
527 303 627 354 ferere.
665 302 814 353 Incendere
828 319 938 366 veprem
956 302 1115 368 boeotiam,
1133 277 1137 299 Ι

76 372 150 422 sicut
167 379 197 423 et
214 372 320 440 priora,
343 369 499 422 licet·faatis
521 371 619 422 diebus
641 370 745 440 agere]
767 394 793 406 -
830 380 892 429 272.
910 370 1116 440 Balantumque

74 457 191 508 gregem
203 441 300 509 fluuio
319 456 440 490 mersare
457 439 584 503 salubri,-
606 439 624 491 i.
642 458 681 504 e.,
703 439 853 491 salutifero.
894 439 967 491 Nam
993 439 1115 492 diutinus

77 517 121 560 est
139 509 171 560 in
188 509 272 561 tertio
285 507 377 559 scabie
393 508 503 572 tentari,
519 508 572 558 nisi
588 508 711 559 laventur
724 507 863 560 animalia.
897 507 939 560 De
951 509 1001 559 irri
1022 510 1114 561 atione

75 593 142 630 vero
160 576 234 629 nihil
255 576 290 626 ud
312 576 387 627 huno
410 576 529 646 pertinet
551 577 658 640 locum,
681 578 746 644 quia
763 577 922 640 Deducere,
943 578 975 627 ist
997 524 1114 629 ziiximur

73 646 183 699 siccare
200 645 356 713 significat.
380 642 443 712 [Sed
466 647 528 713 qui..
549 645 685 716 isciplinas
701 646 866 697 Pontificum
890 646 1006 697 interius
1029 660 1113 714 agno·

74 723 195 781 verunt,
219 733 251 767 ea
269 714 314 767 die
336 717 405 764 testo
422 713 480 765 sine
518 706 532 727 ‘⁸
561 715 606 765 ulo
625 715 721 765 dicunt
737 732 817 783 posse
834 714 914 775 fieri,
933 731 1004 782 quiae
1028 730 1113 781 supra

73 789 188 836 terram
215 792 291 847 sunt,
312 783 355 834 vel
377 798 448 850 quae
472 782 587 847 omissa,
617 790 735 847 nocent,
757 784 799 836 vel
822 799 892 851 qnae
917 784 952 834 ad
976 782 1112 834 honorem

72 853 196 905 deornm
213 851 367 919 pertinent,
393 859 427 902 et.
437 851 569 919 quidquid
590 851 650 902 fieri
673 851 732 902 sine
753 852 924 903 institutione
941 851 1003 902 novi
1022 850 1114 918 operis

76 929 185 989 potest,
210 929 241 971 ut
256 920 379 971 rivorum
401 920 591 972 inductionem
614 921 653 970 sic
671 921 852 993 accipiamus,
876 936 927 988 per
951 923 1054 971 fossam
1071 919 1114 973 uel

98 998 190 1042 ratum
212 996 363 1060 purgatum
380 989 530 1053 deducere,
551 990 570 1040 i.
587 1007 610 1040 e.
634 989 778 1054 emittere,
803 990 934 1057 qnoniam
951 997 1064 1040 caretum
1081 988 1112 1040 iu

77 1007 162 1111 iibria
174 1059 258 1129 saeris
276 1066 330 1123 est,
352 1057 427 1109 feriis
444 1057 613 1109 denicalibus
629 1074 732 1127 aquam
749 1059 778 1109 in
796 1066 907 1126 pratum
924 1058 1041 1123 ducere,
1056 1055 1111 1109 niti

77 1127 251 1196 legitimam,
273 1125 427 1191 nonlicet,
448 1128 547 1197 peteris
569 1126 647 1178 feriis
663 1142 759 1178 omnes
775 1142 860 1195 aquas
882 1127 947 1178 licet
964 1126 1109 1178 deducere.
1133 1124 1136 1129 ’
1175 1150 1177 1157 >

76 1194 154 1265 Ergo
170 1196 231 1260 lric,
256 1202 287 1246 ut
303 1194 439 1262 aliquibus
451 1194 575 1258 videtur,
599 1194 736 1249 deducere
753 1212 876 1263 purgare
893 1204 948 1259 est,
972 1202 1000 1246 et
1017 1196 1111 1247 sordes

73 1266 222 1328 emittere,
244 1280 316 1333 quae
338 1262 518 1334 praecludent
539 1280 657 1331 aquam,
679 1264 797 1333 ideoque
822 1283 838 1316 a
863 1265 1055 1327 Pontificibus,
1079 1270 1128 1315 nt'

71 1348 179 1385 novum
195 1333 256 1385 fieri
275 1348 329 1383 non
349 1332 517 1400 permittitur
533 1333 624 1395 feriis,
648 1334 688 1385 ita
705 1342 780 1385 vetus
797 1334 912 1401 purgnri
929 1333 1110 1413 permittitur.

68 1402 125 1454 Atii
142 1404 198 1456 hoc
213 1401 368 1463 secundum
384 1402 544 1469 augurale*
561 1403 637 1451 errius
655 1404 760 1469 (Burm.
773 1421 837 1470 aug.
858 1403 915 1463 ius)
932 1404 1037 1453 dictum
1053 1410 1110 1455 tra-

70 1468 161 1537 dunt,
183 1469 258 1540 quod
276 1462 361 1521 etiain
377 1470 406 1520 in
426 1470 496 1520 bello
514 1469 745 1539 observetur,‚ne
762 1488 864 1523 novum
881 1472 1024 1538 negotium
1041 1469 1110 1520 inei·

89 1541 175 1592 iatur.
209 1541 284 1606 Ergo
301 1539 373 1589 rivos
390 1538 540 1600 deducere,
557 1553 613 1589 non
631 1548 672 1590 est
686 1555 789 1590 novum
807 1541 958 1606 negotium,
976 1547 1004 1590 et
1020 1544 1129 1608 potest¹

68 1557 126 1663 Eoo
142 1609 210 1661 illue
226 1607 326 1663 referri
343 1607 438 1674 (113.)r
464 1604 576 1674 Quique
593 1609 707 1672 paludis
725 1611 870 1660 collectum
887 1608 1049 1670 humorem,
1065 1609 1108 1658 hi·

70 1679 142 1730 tuta
162 1679 277 1728 deducit
294 1694 389 1728 arena.
425 1674 494 1727 Sane
511 1693 583 1744 quae
598 1677 701 1743 feriae,
725 1696 741 1728 a
759 1693 814 1745 quo
831 1692 935 1747 genere
952 1676 1110 1741 hominurn,

68 1747 114 1798 vel
132 1746 233 1816 quibus
257 1744 355 1796 diebus
366 1743 566 1817 ,observentum
592 1744 633 1798 vel
649 1762 720 1812 quae
743 1746 818 1798 lestis
840 1746 935 1797 diebus
958 1745 1020 1797 fieri
1044 1761 1108 1813 per·
1175 1746 1178 1765 ³

68 1817 158 1869 missa
173 1816 243 1878 sint,
266 1812 366 1881 siquis
385 1813 457 1865 scire
475 1813 627 1876 desiderat,
649 1815 734 1865 libros
750 1814 919 1882 pontificales
936 1814 1018 1883 legat.
1051 1812 1106 1862 Ba-

68 1887 239 1953 tantumque
256 1898 381 1949 gregem
404 1881 423 1934 i.
440 1899 465 1934 e.
481 1882 580 1932 ovium.
615 1881 761 1946 mersare,
778 1885 945 1951 =frequenter
968 1895 1108 1948 mergere,

66 1962 187 2024 propter
203 1951 346 2003 scabiem.'
368 1950 470 2003 Fluvio
489 1952 616 2015 salutm}
642 1964 699 2003 non
716 1959 757 2002 est
773 1953 914 2019 epitheton
932 1951 1038 2014 amnis,
1059 1947 1107 2000 sed

67 2024 107 2076 ad
122 2030 230 2075 tactum
246 2022 374 2071 refertur.
392 2046 425 2056 -
466 2029 528 2079 273,
546 2020 630 2084 Saepe
655 2021 730 2085 oleo,
755 2029 783 2072 et
806 2022 851 2072 hic
876 2033 925 2070 ant
947 2017 1107 2069 coniunctio

67 2109 130 2146 esse
148 2088 257 2146 debuit,
274 2097 306 2140 ut
323 2098 364 2140 est
380 2091 418 2156 (Α.
438 2088 644 2154 5,512.):1ua
664 2088 754 2140 Notos
773 2103 854 2157 utque
872 2103 934 2140 atro
954 2089 1054 2140 nolens
1073 2089 1105 2136 in

31 2216 35 2235 Ι
67 2161 176 2213 nubila
188 2158 286 2226 sugit,
306 2173 358 2226 pro
376 2167 404 2209 et
419 2159 448 2208 in
467 2159 566 2222 Notos,
584 2166 614 2209 ut
626 2159 714 2222 essm,
736 2159 823 2228 Saepe
840 2167 888 2209 aut
905 2160 965 2210 oleo
984 2164 1032 2207 erit
1048 2155 1107 2207 vili·

67 2230 123 2282 bus
134 2233 234 2280 onerat
247 2227 346 2294 pomis,
362 2234 391 2278 et
406 2226 477 2277 bene
494 2227 661 2278 rusticorum
676 2226 770 2282 laudat
785 2224 971 2291 industriam]
1006 2225 1106 2276 Castus

68 2298 173 2360 atelle,
198 2304 293 2348 entre
310 2302 494 2359 veracostas,
517 2303 564 2346 ant
581 2295 702 2353 clitellas.
735 2297 793 2364 [Ut]
810 2298 937 2349 Horatius
963 2293 1061 2360 (Serm.
1081 2297 1106 2356 l,

66 2375 103 2433 5,
119 2367 191 2428 47.):
214 2361 292 2415 Hinc
311 2364 383 2414 muli
401 2362 514 2430 Capuae
531 2365 651 2415 clitellas
670 2377 789 2431 tempore
806 2378 915 2432 ponunt
957 2365 1106 2430 eigilstat,-

66 2437 240 2489 verberator.
274 2432 316 2485 Ab
334 2432 440 2499 egendo
458 2431 558 2498 dictus,
581 2435 624 2499 [ac
640 2450 691 2503 per
708 2434 761 2484 hoe
779 2436 913 2485 asinarius
931 2431 1052 2496 dieitur]
1069 2460 1103 2472 --

66 2510 133 2565 274.
155 2502 268 2554 Vilibus
291 2505 399 2568 pomis,-
423 2501 638 2560 abundantibus,
660 2501 744 2569 [quia
766 2503 846 2571 vulgo
870 2498 1052 2566 tresolanum]
1070 2505 1106 2549 ¹ut

67 2570 169 2641 (227.):
209 2571 351 2637 Vilrmqne
375 2571 510 2639 faselum.
562 2569 750 2637 Lapidemqne
782 2584 919 2622 revertens
951 2571 1105 2631 inausum,

66 2642 179 2695 molam
194 2641 354 2709 manualem
373 2639 498 2689 cudendo
516 2651 689 2706 asperatam,
715 2642 754 2708 [et
770 2641 842 2691 hene
859 2641 975 2691 verbum
992 2638 1105 2704 vulgare

68 2711 164 2764 vitavit
210 2726 216 2771 j
283 2716 344 2766 275.
362 2706 490 2759 Massam
515 2711 588 2773 picis
615 2711 680 2759 urbe
706 2721 844 2774 reportat,
868 2717 918 2763 aut
939 2707 985 2775 qui
1010 2706 1104 2757 oleum

66 2781 114 2833 vel
138 2794 174 2849 po
247 2784 404 2846 portaverat
427 2775 473 2844 [ad
490 2776 623 2842 urbem3]
649 2785 696 2828 aut
720 2788 795 2830 certe
818 2778 880 2829 ideo
906 2775 946 2829 att
961 2775 1104 2842 Reportat,

67 2849 138 2920 quia
153 2847 200 2916 pix
216 2847 245 2897 in
262 2846 336 2913 agris
352 2845 488 2909 nascitur,
505 2855 533 2896 et
549 2846 579 2898 in
596 2847 665 2897 urbe
683 2845 827 2911 distracta,
849 2847 879 2898 in
897 2860 996 2913 agrum
1013 2861 1028 2893 a
1046 2842 1104 2961 ple·

66 2919 164 2986 risque
182 2922 353 2984 reportatur:
376 2916 474 2982 [Varro
491 2915 558 2965 dicit
581 2914 707 2982 antiquos
723 2917 859 2968 nundinas
883 2914 988 2967 feriatis
1006 2913 1049 2963 die
1072 2926 1103 2962 us

65 3003 155 3054 agere
171 2983 332 3043 instituisse,
356 2998 410 3050 quo
428 2983 535 3034 facilius
553 2984 714 3034 commercii
731 3001 812 3035 causa
830 2985 865 3035 ad
883 2983 982 3033 urbem
1006 2979 1102 3032 rustici

65 3060 277 3115 commearent,
294 3061 321 3103 et
337 3051 409 3102 bene
426 3052 561 3120 perhanc
579 3053 672 3102 omnia
690 3068 759 3119 quae
776 3054 900 3120 superius
916 3050 997 3114 dixit,
1014 3058 1103 3107 osten:

65 3123 211 3176 (litterius
227 3137 282 3172 non
300 3119 406 3186 pollui]
423 3146 456 3156 —
497 3127 558 3178 276.
578 3122 643 3185 Ipsa
663 3123 722 3170 dies
740 3123 815 3183 alios
833 3123 893 3173 alio
911 3121 986 3170 dedit
1004 3120 1104 3179 ordina

69 3191 350 3261 luno-plenissime
377 3189 410 3239 de
440 3189 521 3240 lunae
545 3190 641 3240 diebus
668 3191 795 3241 omnibus
819 3190 949 3259 expressit
970 3187 1103 3240 Hesiodus

66 3229 211 3330 (Opstdet
227 3259 261 3310 D.
279 3258 372 3317 763.):
395 3250 525 3326 [Ἤματα
542 3254 566 3310 d⁰
591 3253 719 3310 tudetem
743 3257 946 3326 πεφυλαγμένος
970 3249 1000 3310 εὖ
1029 3251 1100 3309 aurai

66 3324 380 3412 fwtpat'',Henpar{lnev
412 3322 526 3393 δμώεσσι
554 3324 695 3394 τριηκάδα
717 3326 805 3396 μηνός
839 3326 950 3399 ἀρίστην
981 3327 1046 3395 ἔργα
1076 3319 1103 3378 τ’

67 3400 231 3453 a'nomeuaev
256 3395 271 3460 ἢ
297 3394 311 3448 d
344 3392 482 3465 α’ρμαλιὴν
506 3394 679 3460 devenerint]
719 3400 810 3466 Quam
828 3416 889 3451 rem
910 3398 1026 3448 breviter
1049 3395 1101 3446 iste
1196 3406 1199 3410 ’

67 3458 215 3540 praelibat
247 3467 312 3536 [Sed
328 3475 369 3520 est
384 3467 432 3532 ita,
448 3483 558 3537 quoque
573 3468 638 3520 luna
655 3482 751 3520 omnes
768 3468 827 3520 dies
843 3468 936 3520 felices
953 3464 1037 3528 dedit,
1051 3461 1104 3514 aed

94 3643 148 3694 271)
180 3645 205 3683 G.
225 3643 288 3683 Inaid.
303 3657 335 3684 av.
355 3657 396 3685 non
415 3646 440 3686 de
459 3645 591 3696 aucupatione
605 3643 706 3695 loquium,
726 3645 764 3683 aed
777 3655 824 3684 aver
837 3643 893 3682 iubet
907 3657 918 3682 a
933 3642 980 3682 tatia
993 3642 1103 3695 pranderi,

154 3702 243 3741 reserent
269 3702 294 3739 ad
313 3702 378 3741 illud:
401 3702 456 3742 nihil
479 3702 581 3752 improbes
606 3715 672 3740 anser.
719 3705 794 3752 Veprea
818 3702 919 3751 spinosum
941 3701 1022 3752 virgulti
1040 3713 1103 3751 genua

155 3758 261 3797 masculini
273 3759 349 3807 generis
363 3766 386 3796 ut
399 3761 433 3808 (A.
448 3756 473 3804 8,
487 3758 557 3807 64⁵.):
573 3760 645 3809 Sparsi
658 3757 757 3796 roratum
768 3760 870 3809 sanguine
883 3770 960 3808 vepres.
1071 3752 1073 3756 ¹

95 3840 148 3888 27⁵)
179 3839 205 3877 G.
220 3853 257 3889 pro
270 3850 304 3875 vv.
318 3841 340 3876 in
353 3839 403 3877 erte
419 3839 477 3877 dnn.
493 3839 538 3876 dat:
559 3838 580 3876 in
593 3839 663 3878 urbem
678 3845 789 3877 retractae
809 3839 859 3888 pler.
873 3849 915 3886 rep.
939 3837 1028 3878 Nautius
1043 3839 1102 3876 vola-

156 3900 200 3936 bat:
216 3899 235 3934 in
251 3895 300 3933 urbe
315 3908 355 3933 non
370 3896 429 3934 dnn.
450 3898 522 3934 Buten.
