2430 4620
157 281 162 286 ’
212 331 248 374 n
270 266 944 389 uuc1r.nucoue‚r1.-'-1o.1.
1034 280 1131 421 eis

54 494 145 548 veluti
167 493 258 549 Diana
283 493 353 548 duce
377 495 412 548 ad
443 495 642 567 investigandas
672 496 747 550 feres
775 504 916 569 paterent,
943 496 1100 568 Devianam
1123 534 1126 541 ,
1200 524 1204 541 κ

54 564 214 636 appellasse
230 565 326 631 deam,
349 563 566 632 morvanum,
590 564 664 632 quod
685 565 873 633 intelligerent
894 567 1013 621 eandem
1029 583 1096 633 esse,

55 650 134 704 quae
151 633 226 685 diem
249 633 426 686 nascentibus
442 634 545 686 daret.”
576 633 662 705 ¹Plane
684 635 788 686 trinam
813 652 872 688 esse
893 634 991 704 mundi
1012 635 1097 705 origi·

54 719 130 756 nem
155 709 183 754 et
199 701 344 754 Lucretius
369 701 514 755 confitetur
537 701 646 757 dicensi
670 702 810 773 Principio
833 704 923 757 maria
947 720 982 757 ae
1005 711 1096 757 terrae

54 770 226 838 coelumque
241 776 331 835 tuere,
348 769 474 838 Quorum
491 776 623 823 naturam
639 771 789 841 triplicem,
806 772 860 826 tria
877 788 998 841 corpora
1014 779 1096 827 texta.

55 840 99 891 Et
123 839 178 891 alio
202 838 279 891 loco:
302 839 406 891 Omnia
429 839 700 909 personitue,'arcet
722 847 841 908 terram,
862 859 956 908 mare,
977 840 1095 895 coelum'.

57 908 193 960 Afranius
216 907 302 959 etiam
324 909 503 975 in‘rtugure:
535 907 622 960 Modo
654 914 835 978 posteaquam
863 909 972 979 arripui
993 908 1096 976 nabes,
1202 967 1207 973 ,

54 975 137 1029 hunc
159 984 287 1028 nostrum
311 991 446 1044 augurem
469 991 566 1039 mare,
588 974 712 1042 coelum,
734 985 856 1045 terram,
879 995 962 1032 ruere
984 994 1017 1031 ao
1039 986 1097 1031 tre·

57 1058 143 1098 mere
165 1045 281 1098 diceres.
320 1043 466 1098 Consentit
490 1051 519 1097 et
543 1044 711 1112 Phercydes3
732 1045 785 1099 'aed
807 1048 914 1102 diversa
935 1046 1019 1101 affert
1040 1047 1096 1102 ele·
1153 1078 1159 1082 -

10 1146 18 1153 ·-
56 1123 171 1168 menta:
195 1109 285 1182 Ζῆνα,
308 1113 414 1183 inquit,
434 1119 482 1167 rat
504 1108 578 1177 κθὸν
601 1119 648 1168 καὶ
668 1111 779 1186 apices,
803 1117 898 1186 ignem
923 1132 957 1170 ac
979 1123 1097 1182 terracia

55 1190 172 1252 tempus
187 1183 360 1250 significarim
376 1188 406 1234 et
420 1197 480 1236 esse
496 1182 626 1251 aethera,
642 1184 692 1252 qui
706 1193 790 1254 regat
805 1184 928 1252 terram,
944 1198 1000 1254 qua
1015 1202 1048 1238 re
1067 1203 1097 1238 a·

55 1258 108 1304 tur
130 1261 256 1321 tempus,
278 1251 309 1303 in
332 1264 388 1321 quo
412 1251 539 1304 universa
581 1269 625 1305 ars
648 1253 819 1321 moderetur.
859 1254 928 1305 Sunt
949 1252 1000 1323 qui
1020 1253 1096 1307 bin‘e
1120 1309 1123 1317 ,

55 1319 367 1443 muium
384 1267 1097 1458 &tetrametrumuitur
1206 1355 1209 1368 ³

57 1464 181 1512 tractata
203 1407 313 1525 opinis:
333 1402 411 1514 'A'tl’
432 1450 509 1528 ὄμὲῖσ
551 1457 580 1511 ἓν
600 1406 795 1528 wellentone
819 1465 864 1514 uel
889 1461 955 1529 γαῖα
970 1462 1101 1531 μνησθῶ,
1138 1439 1140 1445 ’

57 1526 208 1580 Consentis
222 1527 253 1579 in
270 1539 390 1580 numero
406 1475 565 1599 Euripidll,
580 1528 629 1580 sed
644 1527 766 1600 speciem
782 1528 967 1592 discriminum
988 1528 1096 1584 terrim

57 1597 140 1649 enim
163 1604 191 1648 et
213 1599 279 1647 aira
294 1594 401 1647 inducit
441 1595 575 1664 rincipia,
597 1597 688 1650 sorori
703 1597 859 1653 declaravit.
876 1624 911 1637 -
944 1602 989 1657 ¹79.
1013 1596 1096 1667 Quae

59 1666 111 1718 illi
128 1662 281 1717 Philomela
300 1665 402 1730 dapes,
418 1613 527 1734 leogne
543 1660 633 1716 lilium
649 1680 829 1719 communem
844 1665 928 1734 Itym,
938 1680 991 1735 per
1006 1682 1101 1722 meua·

57 1733 117 1787 lira
146 1733 316 1799 laceratum,
343 1732 448 1785 Tereo
467 1731 596 1813 praebpit
620 1753 635 1786 e
655 1734 797 1787 silendum.
839 1735 973 1789 Confecta
993 1735 1095 1790 deinde
1180 1758 1185 1769 ·

55 1802 591 1931 trittttllttttttlttt
616 1817 729 1940 nili-²0⁸
741 1802 1093 1924 ditstlu‘ttlt

584 1905 592 1931 ‚
1083 1901 1095 1913 .

59 1939 137 1994 mela
153 1941 184 1992 in
194 1940 360 2003 lusciniam,
382 1937 488 1990 Tereus
509 1938 541 1990 in
557 1952 688 2009 upupam.
704 1964 739 1976 -
774 1944 817 1997 83.
834 1907 982 2006 Eurotam,
997 1934 1097 2009 Elpei.

59 2025 113 2066 eus
136 2009 241 2074 amnis,
265 2014 295 2057 ut
320 2003 504 2057 Callimachus
526 2007 580 2071 ait,
602 2008 632 2058 in
656 2007 776 2060 flumina
797 2007 884 2076 serpit
905 2025 992 2080 prope
1009 2009 1096 2063 Laco-

58 2095 133 2133 num
147 2078 225 2130 fines.
259 2076 358 2127 Fontes
381 2081 476 2126 autem
498 2075 557 2142 agit
578 2089 611 2126 ex
632 2083 728 2128 monte
746 2075 892 2140 Maenalo,
917 2077 1096 2132 conuinditur

57 2146 182 2216 Alpheo,
197 2160 346 2226 rursusque
359 2142 480 2195 discedit.
512 2144 603 2211 Ripae
620 2144 678 2196 eius
692 2143 770 2198 lauro
789 2151 955 2211 opacantur,
972 2162 1040 2215 quae
1056 2148 1097 2201 ait

58 2205 219 2289 apollonius
236 2213 353 2266 edidisse
369 2227 462 2276 voces,
485 2228 551 2263 cum
572 2213 684 2265 eaedem
707 2212 833 2265 bucolico
856 2213 982 2268 carmine
1006 2216 1096 2271 refer-
1197 2280 1199 2285 ¹

59 2293 128 2340 ret·
147 2281 266 2335 Beatum
283 2281 362 2347 dixit,
379 2280 415 2331 oh
433 2287 607 2348 potentatum
623 2280 776 2340 Laconum.
1029 2303 1030 2306 ¹

129 2351 189 2405 Ecl.
205 2359 239 2417 7,
261 2356 305 2409 61.
332 2349 457 2417 Populus
483 2351 615 2414 Alcidae,-
638 2350 743 2402 Alcides
766 2350 914 2414 Hercules,
936 2351 972 2404 ab
996 2352 1096 2421 Alcaeo

55 2417 128 2485 ,am
153 2415 393 2488 aeternandum,
418 2417 438 2471 i.
455 2435 479 2471 c.
501 2417 671 2472 fortitudine.
703 2419 844 2470 Pindarus
867 2419 948 2471 initio
971 2420 1095 2477 Alcident

59 2490 258 2556 nominatum,
280 2497 376 2560 postea
397 2486 548 2541 Herculem
571 2485 651 2554 dicit,
679 2485 715 2539 ab
737 2489 829 2552 Hera,
852 2502 938 2555 quam
960 2490 1108 2546 Iunonem'

59 2560 198 2622 dicimus3
226 2558 301 2631 quod
325 2559 383 2611 eius
405 2556 533 2626 imperiis
554 2553 718 2624 opinionem
746 2557 908 2624 famamque
932 2558 1039 2610 virtutis
1061 2561 1098 2613 sit

58 2634 233 2683 consecutus.
265 2628 298 2678 ln
313 2626 394 2678 huius
410 2625 496 2678 tutela
507 2624 642 2694 ⁴populum
658 2623 755 2678 Liberi
772 2625 855 2687 vitea3
871 2625 984 2678 Veneris
1001 2634 1097 2682 autem

49 2705 169 2768 >myrtus
185 2695 292 2764 Physici
312 2692 460 2748 Herculem
481 2701 591 2761 tempus
611 2691 707 2746 dicunt
727 2688 957 2762 interpretantes,
978 2695 1112 2766 ideoque¹

63 2766 202 2838 populum
226 2764 254 2816 ei
274 2762 408 2832 assignari
430 2761 608 2831 allegoricos,
635 2768 680 2828 ut,
707 2762 773 2830 quia
796 2762 903 2813 bicolor
925 2761 976 2830 ait,
1004 2772 1097 2837 parter

60 2844 121 2890 tem
142 2833 198 2886 orie
213 2832 271 2885 acci
293 2849 340 2884 ere
354 2829 503 2902 possimus,
518 2829 538 2883 i.
555 2849 579 2883 e.
595 2830 683 2881 noctis
699 2839 782 2898 atque
791 2829 861 2883 diei.
1181 2844 1185 2851 “

158 2902 191 2954 cl.
208 2906 241 2966 8,
258 2849 302 2960 25.
325 2892 468 2968 Grypllcs,·
494 2900 571 2959 ferae
588 2910 659 2966 quiae
675 2899 781 2951 habent
795 2896 888 2969 capita
904 2900 1026 2969 aquilae,
1049 2919 1096 2958 ce·

60 2983 124 3027 tera
146 2969 276 3024 membra
296 2969 485 3034 leonis,‘cum
507 2967 557 3020 alis
579 2967 699 3035 ingentis
722 2968 934 3035 magnitudinis,
955 2969 986 3022 in
1009 2973 1096 3029 tutela

60 3039 204 3114 Apollinis.
220 3062 255 3076 -
295 3043 339 3095 31.
355 3036 519 3088 Maenalios
526 3060 535 3100 ,-
558 3036 721 3108 pastorales,
745 3053 762 3087 a
777 3036 909 3089 Maenalo
933 3045 1030 3094 monte
1046 3043 1097 3094 Ar.

61 3110 175 3174 cadiae,
192 3124 263 3176 quae
280 3106 358 3174 regio
375 3105 495 3176 plurima
511 3109 619 3173 pascua
629 3103 721 3157 habet.
735 3130 770 3143 ·-·
805 3112 847 3164 56.
864 3105 953 3158 Arion
959 3131 969 3172 ,-
986 3107 1096 3180 Methy-

61 3193 181 3241 mnaeus
197 3174 387 3241 citharoedus,
409 3190 475 3225 eum
498 3172 649 3244 iri-piratas
671 3173 846 3238 incurrisset,
868 3174 1041 3243 impetravit,
1065 3184 1097 3230 ui

61 3248 116 3302 sub
134 3245 233 3298 eodem
249 3242 362 3308 habitu,
384 3258 439 3310 quo
456 3243 486 3294 in
502 3258 614 3301 scenam
651 3242 744 3296 rodire
762 3251 932 3308 consuesset,
948 3260 1050 3298 canere
1068 3247 1097 3299 ei

46 3318 170 3371 ¹liceret.
206 3314 260 3382 Qu'i
276 3327 341 3362 cum
358 3319 441 3362 cantu
458 3310 601 3382 delphinas
617 3260 766 3376 elicuisset,
782 3311 856 3362 etin
873 3327 953 3364 mare
969 3329 999 3366 aa
1016 3328 1097 3382 prae·

60 3385 219 3457 cipitasset,
235 3388 361 3448 exceptus
378 3380 414 3431 ab
430 3380 496 3448 ipsis
513 3378 633 3450 perlatus
649 3377 750 3432 dicitur
766 3379 796 3431 in
812 3385 918 3432 terram
935 3397 1002 3435 esse.

134 3449 192 3503 Eoi.
209 3456 235 3517 9,
252 3455 295 3507 13.
314 3447 457 3500 Chaonias
475 3449 636 3510 columbas,
654 3448 786 3515 quoniam
802 3449 948 3502 columbae
963 3449 995 3502 in
1007 3448 1098 3504 Chao·

59 3521 130 3588 nia,
152 3518 267 3588 regione
284 3516 378 3586 Epiri,
401 3517 431 3568 in
453 3533 559 3585 quercu
581 3514 682 3568 arbore
704 3517 805 3570 sedisse
827 3517 973 3585 dicuntur,
995 3525 1024 3571 et
1045 3520 1097 3572 hu-

62 3606 154 3645 mana
173 3604 241 3640 voce
263 3587 369 3639 dedisse
390 3601 537 3653 responea3
560 3592 590 3637 et
613 3584 653 3636 ita
675 3584 781 3636 bonum
804 3587 954 3654 augurium
976 3594 1051 3654 erat,
1072 3588 1098 3641 si

60 3650 163 3714 corvus
179 3657 290 3720 deme,
312 3653 406 3705 cornix
429 3654 539 3706 sinistra
561 3653 679 3718 volaret,
703 3661 734 3704 ut
750 3654 848 3706 Cicero
871 3655 901 3706 in
917 3653 1099 3709 Divinatioui·

59 3729 134 3782 bus:
151 3725 277 3794 Quorum
294 3742 311 3776 a
327 3722 427 3775 dextris
443 3737 555 3790 corrue,
571 3722 682 3773 sinistra
697 3723 793 3773 cornix
808 3721 874 3773 lacit
890 3721 1045 3790 augurium.
1062 3754 1097 3781 ῳ

60 3801 111 3855 47.
128 3793 257 3846 Dionaei
275 3793 424 3855 Caesaris,-
449 3791 487 3842 sic
504 3799 601 3843 vocata
617 3791 707 3857 Venus
713 3827 722 3856 ,
738 3791 793 3843 eive
810 3798 900 3842 mater
918 3791 1031 3842 Veneria
1049 3800 1098 3846 eet.

60 3865 168 3918 Divum
185 3863 289 3914 lulium
304 3860 454 3929 significat,
470 3859 547 3911 cuius
562 3857 648 3929 capiti
662 3858 693 3909 in
704 3867 798 3912 etatua
814 3859 892 3910 stella
909 3858 1002 3910 addita
1017 3868 1068 3914 eat.

136 3931 195 3984 Ecl.
213 3937 262 3996 10,
280 3936 304 3986 1.
327 3927 483 3992 Arethusa,-
507 3929 568 3979 fona
584 3930 614 3980 in
630 3925 737 3993 Sicilia,
760 3942 777 3976 a
794 3943 849 3994 quo
866 3924 976 3977 Musam
993 3928 1102 3983 videtu

44 4000 283 4070 ‚cognominare,
301 3996 434 4066 quoniam
451 3995 579 4048 Bucolica
596 4011 710 4046 carmen
728 3995 864 4057 Siculum3
881 3995 924 4046 vel
940 3993 1005 4062 quia
1021 4014 1100 4050 amo.-

61 4070 106 4124 ris
123 4083 207 4122 cauea
218 4067 352 4138 Alpheus,
370 4065 446 4117 Pisas
464 4063 577 4130 lluriue,
594 4080 645 4133 per
662 4079 741 4116 mara
758 4063 890 4129 defluens,
906 4061 937 4115 in
954 4080 1018 4118 eam
1034 4082 1101 4120 con·

805 4245 810 4253 Ι
838 4183 897 4236 aa·
