2430 4620
289 317 323 358 m
345 294 502 358 vuon.
525 294 684 359 onore.
707 298 758 375 11,
782 302 979 370 sss-410.
1039 310 1152 381 sisu
1203 280 1206 285 “

110 481 130 533 l.
148 499 174 534 e.
193 479 306 551 placere
322 481 434 534 faeiem.
468 484 573 553 Contra
590 481 720 534 Lucanus
737 488 785 551 (7,
803 485 890 548 165.):
914 484 1056 538 Discussa
1069 487 1152 557 fugit

111 552 145 601 alr
166 569 222 602 ara
242 549 366 600 Taurus.
400 552 485 602 Sacer
508 560 601 602 eutem
625 551 686 618 (est)
710 552 880 604 execrabilis.
915 554 953 605 Ut
976 559 1015 622 (A.
1034 564 1066 620 3,
1083 560 1152 618 57.):

111 620 187 670 Auri
207 636 291 670 sacra
310 620 414 688 sames.
432 647 468 658 -
501 626 563 678 396.
580 621 615 670 In
633 623 756 672 uerutus
779 624 948 674 torrebimus
972 637 1034 675 esta
1061 627 1152 677 aelur-

113 691 179 752 nis,·
199 688 268 756 quie
283 688 355 738 sicut
371 690 457 740 etiam
473 705 555 758 caper
572 688 701 741 inimicus
719 698 759 742 est
775 691 892 756 vitibus,
908 691 948 744 ita
968 693 1006 743 eis
1023 701 1105 745 nocet
1121 703 1152 746 et
1188 706 1189 713 ¹

114 757 232 825 oor‘ylus.
267 757 346 810 Unde
371 765 399 809 et
421 757 460 809 ait
483 774 580 827 supro,
602 759 677 809 Neve
700 759 774 810 inter
798 760 866 811 vites
882 761 1006 829 corylum
1029 778 1099 814 sere.
1114 788 1152 800 —

113 830 173 883 397.
192 825 247 876 Est
264 827 347 876 etiam
366 827 414 877 itu
432 826 527 886 iaham
551 825 606 878 iam
623 827 758 895 paulatim
776 828 865 880 tendit
881 826 917 879 ad
935 830 1032 891 vitium
1048 830 1153 900 vitupe-

113 895 271 959 rationem,
287 895 380 946 dicens
397 902 425 946 et
441 894 581 945 infinitum
598 913 656 947 esse
673 911 770 946 earum
787 896 927 963 laborem,
950 906 995 963 ut,
1011 898 1064 949 Cui
1081 914 1152 950 nun-

115 978 201 1031 quam
224 963 348 1015 exhausti
371 963 435 1037 setis
462 971 510 1014 est.
551 963 588 1012 Et
610 963 748 1014 incertum
772 967 911 1033 fructum,
937 973 968 1015 ut
991 967 1090 1032 (419.):
1115 966 1152 1018 Et

116 1034 171 1082 iarn
190 1035 311 1083 maturis
329 1034 493 1091 metuendus
510 1030 636 1097 luppiter
655 1035 728 1082 uvis.
765 1033 802 1083 Et
818 1035 908 1102 ipsum
925 1034 1009 1085 etiam
1026 1037 1151 1087 fructum

117 1101 316 1168 perniciosum:
339 1109 370 1151 ut
393 1101 486 1168 (455.):
512 1099 640 1151 Bacchus
665 1113 690 1151 et
708 1101 744 1150 ad
763 1101 874 1168 culpam
894 1119 997 1171 causas
1016 1105 1098 1154 dedit.
1115 1131 1152 1143 -

124 1176 180 1227 398.
200 1170 350 1221 Exhausti
367 1173 439 1221 satis
469 1181 524 1234 est3
557 1169 753 1233 exhaustionis,
783 1170 923 1222 linitionis.
974 1170 1053 1239 Quod
1084 1173 1151 1240 quia

123 1254 246 1308 asperum
269 1239 357 1289 visum
380 1247 435 1302 est,
459 1254 489 1290 se
515 1239 548 1288 ad
572 1239 691 1306 liguram
715 1239 867 1306 transtulit,
891 1248 919 1291 et
941 1239 981 1289 ait
997 1240 1149 1294 Exhausti.

121 1306 152 1357 Ut
175 1309 222 1375 (A,
240 1317 273 1373 2,
290 1308 378 1369 427.):
403 1307 638 1357 Servantissimus
662 1309 748 1374 aequi
756 1327 765 1356 s
789 1323 840 1377 pro
864 1307 1015 1376 aequitatis.
1058 1309 1151 1371 Omne

124 1377 226 1440 solum‚·
258 1376 417 1440 continens,
447 1376 551 1426 scilicet
573 1377 646 1427 vites.
670 1402 704 1413 ·—
752 1382 814 1432 4ου.
840 1377 988 1427 Aeternum
997 1401 1006 1441 ,·
1031 1373 1151 1449 relinet,

106 1440 259 1514 ·peipetuo.
299 1444 334 1494 Et
357 1445 481 1496 absolute
504 1445 609 1495 locutus
634 1453 681 1496 est.
715 1443 880 1495 Levandum
903 1446 1007 1514 fronde
1033 1464 1149 1514 nemun

122 1513 308 1578 relevandum,
332 1513 514 1583 spoliandum.
549 1511 639 1565 Omne
656 1522 752 1565 antem
770 1531 868 1564 nemus
885 1515 952 1566 dicit
969 1524 999 1566 et
1014 1516 1148 1568 arborum

100 1632 106 1637 ,
124 1590 143 1632 et
158 1583 266 1638 vitium.
300 1582 377 1632 Unde
394 1582 476 1650 paulo
494 1589 555 1650 post
572 1583 692 1633 dicturus
711 1591 765 1646 est,
788 1583 834 1632 Bis
852 1584 950 1634 vitibus
967 1584 1072 1649 ingruit
1088 1602 1150 1636 urn-

122 1648 172 1704 ἦτα.
192 1678 226 1688 -·
262 1655 324 1707 401.
338 1649 434 1702 Labor
452 1665 532 1701 actus
550 1654 582 1700 in
603 1654 708 1711 orhem;
732 1651 751 1702 i.
767 1668 791 1701 e.
814 1652 927 1702 inunni
945 1654 1092 1704 circuitum
1110 1656 1149 1706 lu·

120 1717 165 1771 bor
181 1736 212 1772 se
228 1719 347 1770 invicem
364 1721 539 1786 consequitur
562 1720 736 1770 rusticorum.
753 1744 786 1756 ·-
827 1724 889 1777 403.
908 1722 985 1772 Olim
992 1745 1002 1787 ‚·
1026 1725 1149 1790 quando,-

117 1803 176 1856 que.
216 1787 359 1855 Significat
381 1797 475 1838 autem
492 1788 573 1839 hnald
590 1796 699 1857 tempus
717 1789 867 1838 auctumni.
908 1791 990 1840 Seras
1009 1791 1148 1858 frondes,-

116 1871 174 1909 sero
200 1858 338 1908 cadentes.
372 1857 463 1907 Tarde.
488 1857 563 1907 enim
586 1857 735 1925 spolientur
758 1858 901 1908 frondibus
925 1859 999 1910 vites.
1016 1886 1049 1895 —
1084 1866 1148 1918 404.

112 1922 253 1992 Frigidus
270 1939 295 1975 et
311 1928 395 1979 siluis
413 1926 509 1992 aquilo
536 1927 659 1975 decussit
676 1925 824 1989 hamram,-
848 1928 978 1977 Varronis
994 1927 1039 1978 hic
1056 1945 1147 1980 versus

111 2004 162 2046 est.
181 2027 214 2034 —
251 2002 312 2052 405.
337 1997 421 2058 Acer,·
447 2010 503 2044 non
528 1995 656 2060 quilibet:
678 1996 725 2045 sed
750 2011 813 2044 acer
837 2002 866 2044 et
889 1996 1012 2061 diligens.
1054 1997 1147 2048 Curas

111 2066 271 2114 venientem
291 2066 412 2113 extendit
432 2067 462 2113 in
481 2080 605 2127 onnum3
631 2065 707 2130 quasi
724 2064 753 2113 in
771 2072 896 2130 tempore
915 2065 1003 2114 alieno
1021 2080 1147 2133 praeme-

105 2129 217 2185 ditatur
234 2134 357 2183 futurum
376 2133 510 2183 laborem.
527 2160 562 2167 -
596 2138 657 2187 406.
675 2133 710 2181 Es
727 2149 810 2182 curvo
830 2132 948 2182 Saturni
966 2135 1061 2198 dentr5
1087 2135 1104 2185 i.
1122 2154 1147 2188 e.

105 2199 200 2266 falce,
218 2218 290 2268 quoe
307 2211 347 2252 est
364 2202 392 2252 in
411 2203 467 2252 eius
485 2201 578 2267 tutela.
614 2201 686 2251 Nam
704 2201 834 2251 Saturnus
852 2201 952 2252 dicitur
969 2203 1042 2269 petri
1061 2196 1145 2255 Coelo

107 2271 205 2322 virilia
222 2271 293 2321 falce
310 2280 477 2339 amputasse,
504 2287 575 2338 quoe
600 2269 629 2320 in
646 2287 723 2321 mere
741 2271 866 2321 cedentia
884 2272 1020 2323 Venerem
1037 2289 1146 2324 creave-

104 2349 194 2391 runt:
219 2339 293 2404 quod
316 2340 377 2389 ideo
403 2341 531 2407 fingitur,
556 2339 620 2407 quia
645 2340 697 2390 nisi
720 2339 820 2390 humor
838 2338 871 2391 de
890 2340 967 2392 coelo
992 2343 1021 2391 in
1039 2349 1146 2393 terram
1211 2362 1214 2369 ·

105 2405 302 2467 descenderit,
326 2409 395 2467 nihil
418 2418 537 2460 creatur.
573 2408 624 2457 Alii
642 2407 787 2459 Saturnum
806 2409 888 2458 denm
906 2425 963 2461 esse
986 2418 1146 2477 temporum

107 2474 228 2540 dicunt,
253 2492 338 2543 quae,
364 2478 431 2527 sient
454 2478 524 2540 leli,
548 2476 622 2528 inse
647 2484 803 2528 recurrunt,
836 2478 889 2528 Alii
906 2494 970 2528 vero
988 2479 1083 2531 dicunt
1098 2481 1165 2533 sse.
1191 2540 1194 2545 Ι

104 2547 228 2597 turnum
251 2545 280 2595 in
305 2561 449 2614 progressu
475 2545 576 2612 (Guelf.
593 2547 613 2596 1.
631 2545 685 2595 Sat.
706 2558 777 2597 recto
797 2547 917 2607 incessu)
940 2547 1009 2597 nihil
1032 2564 1143 2616 nocere,

107 2626 179 2664 cum
203 2615 381 2680 retrogradus
406 2624 456 2678 est,
487 2630 544 2664 esse
568 2614 760 2681 periculosum.
806 2616 927 2683 ideoque
951 2633 1015 2666 eum
1040 2616 1165 2672 liabere'

103 2678 213 2735 {aloem
236 2684 266 2733 in
289 2684 387 2744 tutela,
411 2685 482 2750 quod
508 2692 535 2733 et
558 2682 617 2748 ipsa
640 2692 767 2749 protenta
789 2684 858 2734 nihil
882 2685 963 2734 velet:
988 2693 1064 2736 retro
1081 2697 1145 2740 ueta

107 2760 193 2816 vero,
211 2751 340 2820 quicquid
359 2753 383 2800 ei
403 2751 553 2802 occurrerit
570 2760 651 2801 secat.
686 2752 838 2814 Relictam
862 2753 966 2802 scilicet
983 2771 998 2803 u
1015 2764 1043 2805 se
1061 2758 1143 2822 paulo

106 2820 391 2872 tntedesertan1.-
442 2825 502 2874 ΛΜ.
521 2820 672 2888 Fingitque
695 2823 836 2887 putando;
862 2822 1009 2889 componit.
1044 2822 1080 2872 Ut
1103 2829 1143 2892 (A.

108 2890 231 2952 6,80.);
256 2887 407 2954 Fingitque
430 2891 586 2954 premendo·
604 2917 637 2926 -
679 2895 740 2946 408.
760 2891 871 2939 Primus
895 2888 1010 2939 humum
1028 2892 1143 2960 fodito,·

106 2950 166 3007 lsoc
184 2966 224 3007 est
241 2959 416 3009 adhiberem
435 2959 556 3022 primurn
573 2967 601 3005 to
619 2976 677 3010 esse
694 2960 827 3023 convenit,
846 2959 974 3008 ultimum
988 2961 1023 3011 ud
1039 2965 1144 3014 tructus

107 3018 250 3092 legendos.
284 3028 387 3078 Vinum
410 3028 484 3076 enini
508 3028 611 3075 iactum
635 3029 668 3078 de
694 3029 751 3078 uvis
775 3022 930 3077 immaturis
954 3029 1009 3077 cito
1027 3031 1143 3084 acescit:

112 3102 144 3145 et
159 3095 211 3144 hoc
228 3095 288 3144 loco
306 3096 378 3146 inest
395 3094 490 3144 vilium
509 3095 686 3161 vituperatio,
708 3112 826 3163 quarum
851 3098 954 3146 fructus
972 3104 1019 3149 aut
1042 3097 1143 3152 imma-

111 3165 170 3212 turi
195 3164 301 3214 collecti
327 3165 492 3231 depereunt:
516 3172 563 3213 etit
587 3166 608 3214 si
634 3182 731 3214 earum
756 3167 843 3230 (codd.
862 3165 966 3225 eorum)
992 3168 1075 3217 luerit
1099 3185 1143 3219 ex·

105 3240 219 3348 gestata
237 3234 392 3297 maturitas,
408 3232 587 3282 nihilominus
605 3242 728 3301 pereunt.
762 3236 834 3284 Nem
851 3235 971 3284 dicturus
989 3242 1031 3285 est
1047 3239 1145 3301 (419.):

139 3314 148 3349 t
171 3303 229 3351 iam
256 3303 375 3351 maturis
401 3303 563 3350 metuendus
588 3302 714 3368 iuppiter
739 3305 811 3351 uvis·
829 3329 862 3341 ·-
902 3310 963 3360 409.
989 3305 1026 3352 Et
1049 3306 1141 3357 vallos

104 3372 220 3487 ‘rimus
238 3373 287 3421 suh
306 3376 374 3421 tecta
395 3371 493 3437 referto
502 3393 511 3433 ,·
529 3370 623 3420 vitium
643 3372 833 3437 sustentacula,
850 3387 919 3440 quae
936 3371 988 3439 [in]
1004 3375 1143 3426 nonnullis

126 3442 192 3502 ocis,
214 3441 244 3490 in
268 3449 340 3490 tecta
363 3448 523 3506 portantur,
547 3458 582 3490 ne
605 3439 741 3490 imbribus
765 3440 818 3490 cito
836 3443 993 3506 depereant.
1011 3469 1043 3480 ···
1079 3448 1141 3498 410.

108 3505 227 3574 Μιιι”ιο,·
258 3509 433 3581 vindemiam.
472 3508 509 3556 Et
532 3526 582 3577 per
605 3509 658 3559 hoc
684 3508 749 3559 dicit
771 3519 912 3563 maturam
935 3527 1016 3563 uvam
1039 3512 1141 3564 debere

133 3699 185 3750 403)
216 3702 242 3739 G.
257 3701 289 3738 vel
304 3713 372 3743 seras,
386 3698 492 3748 pristinas,
507 3707 530 3737 nt
544 3698 654 3738 Sallustius.

134 3778 188 3829 tiu)
219 3783 243 3818 G.
264 3783 332 3818 metito
353 3794 364 3816 rs
385 3782 446 3817 vsi-bo
468 3788 532 3823 niele,
552 3788 654 3829 postremo
675 3783 742 3820 metuo
762 3781 775 3819 i.
791 3797 807 3820 c.
827 3782 899 3833 legi103
918 3791 1034 3833 perseverat
1053 3784 1141 3823 enimin

192 3839 335 3880 translatione,
357 3844 379 3874 ut
393 3844 488 3886 <tunulum
505 3838 615 3874 vindemiae
631 3844 715 3886 segetum
731 3840 809 3876 dixerat
822 3841 946 3885 mou-ndum,
968 3844 1051 3879 tolidem
1066 3842 1140 3880 vindi·-

192 3896 253 3932 nn'uin
270 3886 354 3937 distri-t,
377 3907 413 3941 pro
434 3894 571 3941 colligendum.
591 3902 691 3943 postremo
712 3903 777 3932 nutem
792 3899 888 3935 maturius
903 3898 969 3941 iussit,
991 3911 1048 3946 qumn
1065 3909 1138 3948 quant.)

191 3953 288 3989 metiri-ior
309 3951 369 3986 sinuit
383 3951 434 3987 lecu
450 3949 562 3993 sindonis,
583 3957 637 3987 tuoto
653 3951 730 3988 dulcius
746 3954 801 3989 debit
816 3954 890 3990 vinnm.
912 3954 939 3990 sin
953 3954 986 3991 hic
1000 3962 1072 3992 nielsre
1088 3957 1140 3992 dixit

190 4022 228 4056 pro
249 4009 332 4055 eligere,
354 4013 376 4044 ut
394 4007 422 4045 ibi
443 4007 471 4045 iit
491 4004 524 4056 (4,
537 4005 606 4057 23l·):
626 4015 717 4059 tempori
735 4009 816 4057 mersis,
836 4023 881 4050 oum
900 4010 926 4049 de
946 4011 1006 4051 mollo
1025 4010 1137 4063 colligendo
1153 4027 1157 4033 ·

188 4066 313 4116 loqueretur.
