2430 4620
142 284 208 348 200
398 271 538 337 stuvu
560 268 917 334 COMMENTARIUS

145 462 231 516 lium:
253 475 317 512 nam
336 460 433 526 inopi,
455 472 511 510 non
527 463 635 509 nansia
653 455 689 507 ad
706 454 853 508 formicam
872 456 1008 524 pertinet:
1031 456 1080 508 sed
1098 470 1175 523 gene

146 531 207 585 tale
223 536 265 582 est
279 528 421 599 epitheton
437 526 596 579 senectutis:
621 528 674 594 [vel
698 544 731 577 ue
747 520 834 597 'inops
856 527 886 578 in
911 534 1054 577 senectute
1079 526 1129 576 sit.
1152 534 1176 575 et

146 599 201 653 hoc
231 597 305 649 iaxta
333 597 492 666 opinionem
524 594 661 661 poetis-ani
683 593 777 660 dixit]
800 622 835 630 —
885 603 943 652 1117.
969 594 1175 660 Contemplator

149 671 231 723 itemt
253 665 448 736 prognosticon
466 671 508 714 est
523 665 587 714 enni
606 664 690 716 futuri
708 663 819 726 tertilis,
842 663 882 713 vel
899 664 1067 715 infoecundi.
1106 665 1172 712 Can-

147 735 394 801 templatarautem
405 731 560 800 imperativi
575 732 651 783 niodi
661 739 769 799 tempiu
777 739 830 783 est:
843 732 968 783 futurum
978 746 1030 798 pro
1039 732 1176 798 praesenti

149 803 357 867 contemplare,
385 809 417 851 ut
444 800 510 853 alibi
539 806 585 866 (4,
607 800 929 866 61.):'Contemplatae
959 815 1046 866 eqiras
1078 799 1174 850 dulces.

147 873 294 925 Terentius
311 872 418 934 (fleant.
435 877 468 933 4,
484 874 517 932 6,
535 869 603 927 idat:
622 868 759 935 Loquitur
776 870 916 935 paucula,
931 882 983 936 pro
1000 867 1132 935 loquere,
1148 875 1175 918 et

146 950 257 993 contem
279 943 343 990 lare.
392 936 461 988 Nux
490 939 631 1003 plurima,
663 939 680 989 i.
712 957 735 988 e.
765 937 855 1003 longa.
907 936 1047 1004 Significat
1084 944 1173 987 antem

145 1008 247 1079 amygd
276 1025 338 1059 um:
353 1006 401 1058 ted
417 1006 470 1058 hoc
487 1007 628 1057 Graecum
646 1015 686 1057 ert
702 1002 733 1057 esi
751 1000 921 1075 ‹inipdalam
938 1013 982 1057 eat
999 1001 1034 1055 rai
1052 999 1174 1072 α’μόγὸα-

146 1074 191 1132 λα.
226 1077 274 1144 [Et
289 1077 427 1141 plurima,
443 1074 514 1125 sicut
530 1080 572 1140 (3,
590 1075 656 1134 52.):
672 1076 798 1141 plurima
816 1092 926 1139 cervix,
943 1083 971 1126 ct
987 1076 1027 1139 (A.
1048 1081 1073 1133 1,
1091 1079 1174 1132 ÷1‹1.):

147 1147 198 1215 qui
214 1148 357 1212 plurimus
377 1145 442 1195 urlri
459 1143 595 1192 Imminet.
631 1143 733 1208 Silvis,
778 1145 869 1194 uidam
894 1159 944 1214 pro
968 1142 1116 1193 arboribus
1134 1160 1174 1191 ac·

147 1217 268 1284 cipiunt,
287 1223 316 1264 ut
334 1213 380 1280 (G.
396 1222 429 1275 2,
446 1216 517 1272 87-l:
541 1229 677 1280 pomaque
695 1225 720 1262 et
738 1161 851 1264 Alainni
874 1214 979 1276 silvae,
1002 1217 1031 1263 et
1055 1211 1176 1274 alibi12,

146 1285 215 1346 psi:
238 1282 434 1347 Silvarumque
458 1281 533 1330 aliae
558 1298 669 1346 pressas
692 1284 861 1349 propaginis
886 1298 979 1332 araus.
1020 1278 1125 1343 Silvis,
1147 1280 1174 1330 in

146 1348 281 1415 ri1siaJ-
318 1357 377 1409 1311.
396 1349 495 1399 induet
513 1351 544 1400 in
560 1350 676 1416 florem
695 1350 731 1419 [i.
747 1371 785 1414 e.,
803 1366 868 1401 cum
886 1351 938 1401 ssas
954 1347 1052 1400 induet
1068 1364 1175 1411 uticem,

145 1420 165 1471 i.
182 1439 221 1483 a,
245 1416 373 1482 vestiet,]
394 1434 424 1470 se
448 1417 573 1469 effundet
595 1419 624 1470 in
642 1419 749 1470 florem.
785 1419 931 1487 [Figurate
948 1418 1001 1468 hoc
1019 1415 1107 1482 dixit]
1141 1417 1175 1467 Et

145 1487 218 1540 bene
235 1486 269 1539 eli
290 1489 312 1539 it
327 1490 476 1549 arborem,
500 1501 571 1553 quae
588 1487 660 1538 toliis
677 1488 769 1555 prima
786 1490 905 1541 vestitur.
938 1485 1057 1555 [Hamas
1077 1501 1173 1535 curva-

145 1558 201 1618 bit3
224 1571 255 1605 m
285 1554 400 1606 titudine
423 1563 451 1606 et
473 1554 606 1606 densitate
630 1556 767 1609 foliorum.
803 1558 917 1610 Olentes
939 1561 1035 1607 autem
1058 1554 1174 1605 odorife-

144 1622 209 1688 τοι]
226 1651 260 1661 -
295 1630 355 1681 189.
373 1622 405 1672 Si
419 1636 556 1687 superant
566 1625 680 1692 foetum
698 1626 716 1676 i.
733 1644 757 1676 e.
780 1626 803 1676 si
826 1624 920 1693 [flores
943 1623 973 1674 in
996 1623 1104 1673 fructus
1121 1638 1175 1673 ver·

145 1699 256 1757 tantur,
279 1701 307 1744 et
323 1691 345 1742 si
362 1691 414 1761 ipsi
431 1700 556 1743 crescant
580 1701 608 1744 et
631 1693 783 1755 abundent,
806 1710 873 1745 nam
896 1689 1175 1763 propriesuperant]

145 1761 287 1814 abundant
307 1759 380 1832 [est].
423 1759 529 1810 Pariter
547 1760 695 1828 frumenta
720 1776 885 1828 sequentum
911 1763 949 1829 [et
973 1764 1118 1811 frumenta
1133 1776 1176 1810 co·

164 1831 221 1882 iosa
245 1828 426 1901 provenient]
462 1827 569 1880 Pariter
590 1830 635 1880 bic
660 1845 711 1900 pro
734 1819 860 1881 similiter
884 1828 1007 1898 [antique
1032 1827 1125 1895 dixitJ,
1147 1836 1175 1877 ut

62 1897 67 1905 ¹
144 1849 254 1952 {latinas
278 1898 326 1966 [in
349 1896 506 1963 Aulularia]
530 1899 618 1964 (Ptol.
635 1899 707 1960 22.):
739 1897 846 1951 Pariter
872 1911 1013 1960 moratus,
1039 1908 1069 1946 ut
1092 1908 1176 1962 pater,

145 1985 271 2035 avusque
296 1967 341 2032 (al.
363 1975 446 2034 atque
468 1969 541 2027 avos)
564 1970 627 2018 eius
646 1967 725 2036 suit,-
748 1968 813 2036 [hoc
831 1975 886 2032 est,
909 1962 1030 2034 iimina]
1047 1990 1081 2001 -
1119 1972 1174 2022 190.

144 2037 308 2104 Magnaque
325 2042 392 2101 etc.;
410 2041 458 2087 aut
474 2043 563 2086 aestus
580 2035 681 2086 nimios
698 2038 757 2088 iore
775 2036 925 2104 siguificat,
941 2037 1019 2104 [etun
1037 2032 1176 2084 abundan-

143 2106 183 2156 tia
206 2103 343 2173 trugusnlz
368 2112 415 2154 aut
440 2105 561 2154 calorem
583 2104 650 2154 dixit
671 2105 873 2156 festinationem
899 2099 1027 2172 [operip]:
1058 2111 1090 2151 ut
1112 2102 1176 2153 alibi

144 2179 184 2237 (A.
204 2180 233 2239 1,
250 2173 341 2232 436.);
359 2171 455 2221 Fervet
473 2190 550 2238 opus.
570 2199 602 2208 -
640 2179 700 2229 191.
716 2173 849 2241 [Umbra,
866 2190 915 2242 pro
933 2171 1048 2234 fronde,
1061 2177 1094 2220 ut
1111 2169 1175 2221 alibi

144 2253 190 2306 12,
205 2241 291 2302 292.):
317 2243 456 2307 ingentem
476 2242 595 2290 sustinet
615 2243 757 2291 umbram.-
781 2250 811 2292 ut
828 2237 952 2292 ostendat
969 2255 1001 2291 eo
1020 2253 1110 2303 anno,
1125 2255 1174 2309 pro

143 2310 222 2380 copia
238 2311 360 2376 frugum,
376 2308 535 2360 festinatam
553 2317 582 2360 et
598 2310 746 2361 studiosam
763 2312 893 2362 trituram
910 2312 1041 2361 tunnam.
1076 2305 1174 2357 Luxu-

146 2381 190 2428 ria
210 2377 352 2447 faliarum
370 2379 517 2440 exuberat,·
542 2379 759 2444 superabundat,
785 2387 814 2431 et
830 2379 949 2448 amplior
967 2373 1027 2439 est]
1045 2401 1079 2413 -
1116 2384 1174 2433 192.

143 2445 337 2515 Nequiequam
362 2448 482 2511 pingues
501 2454 571 2507 etc.·,
596 2462 651 2497 nou
676 2448 806 2515 pingues,
829 2448 848 2498 i.
865 2466 888 2498 e.
906 2446 964 2496 sine
981 2444 1122 2511 stirpibus:
1147 2453 1176 2495 ut

134 2515 211 2566 alibi
234 2520 276 2580 (1,
293 2514 380 2573 443.):
406 2513 601 2581 Nequicquam
619 2533 695 2566 seros
713 2527 817 2566 exercet
835 2530 937 2566 noctua
965 2525 1083 2577 cantus,
1106 2512 1125 2563 i.
1144 2531 1176 2577 e.,

143 2600 209 2635 non.
243 2582 355 2650 [Palea;
380 2582 512 2633 ablativus
529 2592 583 2645 est,
606 2585 682 2650 qiiasi
701 2603 733 2633 ea·
751 2587 840 2648 palen.
875 2586 911 2636 Et
933 2582 1083 2633 hoc-dicit:
1108 2582 1175 2632 siin

145 2651 282 2720 amygdali
304 2651 420 2701 floribus
443 2651 508 2701 folia
526 2668 635 2720 semper
658 2653 871 2715 abundaverint,
896 2661 924 2704 et
940 2652 969 2701 in
986 2651 1113 2718 frugibus
1130 2670 1177 2720 pa-

143 2722 203 2774 leae
227 2721 320 2787 granis
343 2727 426 2771 erunt
448 2719 627 2788 ¹copiosiores,
652 2730 679 2772 et
702 2722 730 2771 iu
754 2740 820 2773 area
845 2721 961 2790 amplius
979 2719 1074 2788 paleae
1092 2736 1177 2786 qnam

143 2806 230 2857 grana
253 2787 400 2852 teruntur.]
434 2787 470 2838 Et
493 2789 657 2852 notandum,
681 2792 789 2852 paleam
813 2791 917 2840 dictant
941 2804 1060 2838 ntunero
1085 2788 1177 2854 singu-

144 2859 210 2922 lari,
228 2866 324 2908 coutra
341 2865 438 2906 artem.
473 2856 544 2906 Nam
563 2875 612 2920 ea,
630 2874 699 2923 qliae
718 2874 749 2908 cx
765 2858 889 2928 pluribus
907 2864 1048 2922 constant,
1065 2856 1177 2907 numeri

144 2935 206 2978 sunt
227 2933 336 2978 tantum
360 2924 486 2991 pluralis,
509 2925 676 2991 [sccimduin
701 2924 823 2990 artem],
854 2936 884 2976 nt
908 2926 1042 2988 cancelli,
1067 2942 1177 2990 scopae,

144 2997 240 3060 bigne:
264 2994 329 3044 licet
351 2996 500 3044 abutantur
524 2997 630 3061 potitae.
666 2993 797 3062 [Pinguis
822 3012 902 3058 sane,
928 3001 957 3044 et
974 2993 1098 3060 quamvis
1118 2995 1177 3060 pin·

58 3092 63 3108 0
143 3065 204 3130 gnis
220 3069 309 3130 potest
324 3062 426 3128 accipi;
445 3077 509 3110 area
528 3076 591 3112 vero
608 3077 659 3130 pro
677 3063 704 3113 in
724 3064 808 3130 area]
826 3091 859 3100 -
896 3068 955 3120 193.
976 3061 1089 3110 Semina
1109 3069 1176 3123 etc.;

143 3131 240 3197 incipit
268 3129 360 3180 dicere
384 3131 418 3180 de
449 3129 617 3197 medicandis
647 3130 848 3198 leguminibus,
877 3130 1115 3200 quemadmodum
1146 3139 1177 3180 et

144 3200 251 3249 runiora
268 3198 349 3261 finnt,
372 3205 400 3248 et
416 3196 526 3247 modico
543 3198 607 3265 igne
624 3199 769 3251 solvantur.
806 3201 880 3252 Bene
898 3207 991 3250 autem
1008 3199 1062 3248 ait:
1087 3199 1176 3262 Equi·

145 3269 220 3328 dem,
240 3266 324 3332 [quod
348 3266 428 3316 multi
452 3282 501 3334 pro
525 3281 576 3332 ego
600 3267 752 3334 accipiunt,
775 3270 792 3319 i.
817 3288 840 3320 e.
865 3283 917 3335 ego
941 3265 1080 3334 quidem],
1106 3274 1136 3316 ut
1159 3284 1176 3316 a

81 3336 84 3342 “
144 3334 312 3403 praeiudicio
328 3335 480 3403 inchoaret.
515 3334 588 3384 Nam
610 3335 662 3384 hoc
681 3337 762 3387 dicit:
786 3337 922 3403 Equidem
945 3337 1015 3387 haec
1033 3334 1085 3384 vidi
1105 3335 1177 3398 fieri,

144 3404 191 3455 sed
219 3403 258 3451 sie
284 3417 392 3469 quoque
422 3400 560 3466 legumina
591 3403 757 3469 degenerent
790 3407 897 3470 (Guelf.
920 3405 939 3454 1.
965 3405 1174 3469 sed'quociens

145 3482 290 3534 seruntur,
313 3472 419 3520 tociens
437 3471 536 3536 legum.
557 3472 680 3537 elegen),
703 3474 754 3524 nisi
779 3475 891 3541 singulis
915 3473 1068 3539 usibusque
1094 3472 1175 3522 annis

137 3542 196 3592 >hoc
212 3539 268 3589 tint.
301 3537 366 3588 lude
385 3539 460 3588 cuim
479 3541 634 3603 est(11111.):
658 3541 704 3590 Sic
723 3546 818 3592 ornnia
838 3543 914 3610 fatis
934 3542 967 3590 ln
991 3544 1073 3605 peius
1095 3558 1175 3590 ruere

144 3625 177 3659 aa
195 3619 264 3658 retro
285 3607 417 3671 sublapsa
438 3605 546 3671 referri.
581 3607 723 3660 Medicare
740 3611 852 3680 antique
869 3608 1063 3678 [dixit],'nam
1087 3608 1176 3659 maio·

144 3693 186 3729 res
209 3677 314 3725 medico
338 3682 366 3725 et
391 3674 675 3727 tardicordicebant:
706 3688 736 3728 ut
759 3681 862 3743 populo
888 3686 915 3730 et
940 3677 1075 3744 populor.-
1103 3694 1175 3744 qnae

143 3744 226 3799 vecta
242 3744 325 3796 modo
343 3742 378 3794 ab
395 3750 513 3810 utraque
530 3743 728 3808 significatione
745 3747 876 3815 [tantum]
900 3747 1021 3818 passivae
1047 3754 1112 3798 sunt
1129 3746 1176 3798 de·

170 3962 219 4011 tun)
236 3954 274 4003 'G.
289 3966 334 4004 Non
351 3965 442 4014 pingues,
463 3971 510 4000 tnnc.
525 3962 576 4000 anna
596 3963 655 4011 plena
674 3973 730 4010 erint,
752 3966 831 4016 quanda
851 3965 953 4008 frumenti
969 3979 1012 4005 nou
1033 3968 1122 4014 tutum
1144 3969 1177 4005 ιιΙ

200 4064 203 4069 Ι
224 4019 323 4084 iactation
338 4021 426 4070 pinguis,
442 4035 492 4073 quae
507 4019 552 4088 siun
564 4020 630 4088 insistit
645 4020 688 4060 crit.
