2430 4620
918 110 927 138 Ι

238 294 273 336 a
295 272 453 349 vivaio.
475 269 638 353 sacae.
656 276 701 348 e,
723 271 917 364 tta-227.
978 270 983 291 ¹
1030 275 1095 341 329

56 469 117 524 tur,
134 449 323 510 cuius‘tentes
339 457 396 536 ipse
415 457 518 525 partim
534 455 639 524 ibidem
656 455 737 516 sevit;
753 454 859 575 partim
867 436 971 508 'Aeetes
985 455 1016 513 in
1035 454 1104 508 Col..

10 562 13 567 -
58 529 160 580 cliide:
179 544 210 578 ex
227 527 325 595 quibus
341 535 452 595 utrique
469 542 546 596 seges
563 533 737 578 armatorum
775 539 901 576 ominum
918 531 983 577 nata
1001 531 1096 583 estr-
1138 552 1144 563 x

57 602 125 657 143.
143 593 274 661 Humor,
300 594 394 647 vinum
418 612 436 647 a
460 594 600 646 montibus
623 594 761 658 Falernis,
804 592 833 644 ui
855 592 1098 655 Massicidicun·
1189 613 1193 626 ·

56 674 116 717 tur.
134 696 169 706 -
205 668 267 722 144.
286 663 440 730 Clitumne5
460 664 621 715 Clitumnus
638 662 726 715 amnis
745 669 785 712 est
824 661 980 715 mbriama
997 662 1097 717 Tuscia

10 772 13 779 -
56 734 196 787 dividens.
229 731 368 801 Significat
385 742 478 784 autem
495 734 577 785 boves
593 716 800 796 Mevanitrises,
821 730 870 809 qui
893 738 957 781 sunt
981 730 1048 785 albi.
1062 762 1095 775 -·

11 840 14 847 .
57 809 124 861 147.
142 801 290 863 Flumine3
318 802 471 852 Clitumnus
495 810 523 854 et
545 801 611 852 deus
630 808 658 852 et
679 801 753 851 lacus
777 801 805 850 in
829 798 929 851 linibus
946 795 1097 868 Spoletino-

10 888 14 917 ε
56 888 126 925 rum
133 910 152 937 ,.
168 886 201 921 er
218 884 273 938 quo
289 869 412 931 bibentia
430 886 530 937 pecora
548 868 611 922 alba
628 869 705 920 fiunt.
722 898 755 908 --
790 873 852 925 159.
869 867 907 920 Te
925 866 1015 933 Luri,·¹
1038 866 1095 918 La-

10 956 14 987 =.
61 944 130 992 rius
149 940 225 991 lacus
248 939 280 995 in
294 934 389 990 'Gallia
412 948 453 992 est
470 939 623 1007 Cisalpina,
644 944 702 990 non
726 934 843 1005 amplius
865 944 977 989 centum
1001 936 1098 1017 piginti

10 1044 13 1055 .
56 1008 216 1061 stadiorum
233 1007 351 1058 circuitu
367 1015 470 1075 patens.
506 1007 630 1059 Benacus
642 1004 683 1057 'in
696 1005 799 1064 ,eadem
817 1006 948 1073 regione,
970 1004 1045 1057 mille
1069 1013 1098 1057 et

10 1108 14 1126 t
58 1074 257 1129 ducentorum.
274 1107 307 1117 -
345 1083 405 1134 160.
423 1078 596 1142 Assurgens,·
622 1090 775 1141 assurgens
799 1070 844 1124 hic
868 1090 919 1144 pro
945 1086 1096 1142 assurgen-

58 1158 127 1198 tem.
144 1144 266 1207 ,Pendet
290 1145 365 1196 enim
391 1161 422 1199 ex
446 1144 530 1201 verbo
555 1161 708 1195 memorem.
732 1154 768 1178 —·-
811 1146 872 1199 162.
894 1142 1097 1211 indignatum,

61 1215 188 1282 Agrippa
206 1213 235 1264 in
252 1216 372 1265 secundo
389 1215 460 1264 vitae
477 1229 541 1265 suae
558 1213 633 1277 dicit,
650 1210 813 1278 excogitasse
829 1225 866 1270 se,
883 1218 914 1261 ut
931 1229 963 1263 ex
975 1211 1099 1274 Lucrino
1176 1229 1200 1243 *¹

61 1282 130 1334 lacn
152 1288 265 1351 portum
288 1281 400 1333 faceret.
434 1284 536 1333 Verum
559 1280 640 1332 huius
664 1280 752 1348 gloria
777 1279 954 1352 (gloriamil
975 1280 1098 1349 Augusto

14 1375 20 1393 ·
61 1350 156 1404 'cessit
188 1349 375 1416 indignatum
392 1358 485 1402 autem
503 1350 565 1402 ideo
583 1348 664 1413 dixit,
689 1349 754 1418 quia
772 1363 827 1414 quo
851 1354 977 1418 tempore
994 1348 1024 1399 in
1042 1348 1099 1399 Lu·
1174 1358 1177 1366 “

62 1419 178 1471 erinum
194 1417 288 1468 lacum
304 1436 382 1471 mare
398 1419 553 1470 immissum
571 1426 628 1482 est,
644 1418 742 1470 deinde
759 1424 836 1468 terra
853 1419 965 1482 effossa,
982 1414 1099 1486 contigit

58 1489 140 1541 inter
159 1491 249 1553 ipsum
266 1486 419 1539 Lucrinum
436 1496 464 1540 et
480 1490 636 1551 Avernum,
653 1499 684 1536 ut
701 1487 754 1538 duo
771 1484 846 1537 lacus
862 1484 1053 1551 miscerentur,
1070 1493 1101 1538 et

58 1558 145 1609 tanta
162 1562 309 1625 tempestas
327 1564 387 1609 orta
405 1564 460 1621 est,
484 1565 515 1607 ut
537 1553 657 1626 prodigii
673 1555 735 1606 loco
751 1552 848 1606 habita
865 1555 915 1619 sit,
938 1571 970 1607 ac
989 1555 1099 1615 nuntia·

57 1634 126 1678 tum
145 1623 180 1673 sit
197 1623 376 1676 simulacrum
393 1624 493 1677 Averni
515 1624 632 1677 sudasse.
667 1623 783 1703 Propter
802 1621 876 1692 quod
892 1622 1034 1677 Pontifices
1056 1623 1099 1676 ibi

81 1690 217 1747 intuleris
240 1709 318 1747 sacra
341 1695 470 1749 fecerunt
510 1693 588 1744 Iulia
615 1699 710 1744 autem
730 1692 805 1741 unda
830 1690 964 1758 significat
986 1700 1100 1764 portum
1185 1720 1188 1727 ·

87 1761 257 1813 uteolanum.
289 1758 327 1813 E't
342 1781 392 1832 per
408 1761 546 1832 prolepsin
563 1760 684 1832 positum
702 1768 759 1826 est,
782 1768 813 1810 ut
828 1760 889 1811 loca
906 1761 982 1829 prius
998 1762 1100 1828 laudet,
1178 1771 1181 1775 ’

60 1847 154 1900 qnam
177 1830 272 1895 illum,
294 1827 341 1900 q'ui
365 1849 398 1883 ea
420 1832 500 1895 fecit,
523 1836 554 1880 ut
575 1831 668 1882 laudes
685 1827 825 1881 inveniant
841 1836 999 1895 auctorem,
1023 1831 1042 1882 i.
1059 1849 1101 1896 e.,

60 1904 230 1967 Augustum.
254 1925 288 1936 ·-
337 1905 397 1956 164.
428 1897 644 1967 Tyrrhenusque
676 1905 742 1958 eto,
760 1898 871 1946 'Aestus
903 1898 1007 1948 Averni
1035 1899 1098 1950 ideo

47 1969 151 2031 ,dixits
176 1966 307 2033 quoniam
330 1985 380 2037 per
405 1967 556 2018 Lucrinum
579 1967 670 2018 lacurn
694 1982 772 2017 mere
795 1964 970 2031 Tyrrhenum
990 1966 1101 2021 influxit

63 2037 113 2104 (G.
133 2036 241 2105 influit)
259 2037 289 2086 in
306 2042 452 2089 Avernum.
469 2063 504 2073 -
547 2041 605 2092 167.
625 2035 792 2098 Gentemque
810 2035 965 2098 Sabellam,
990 2035 1021 2087 hi
1037 2043 1101 2087 sunt

63 2114 165 2158 autern
191 2105 325 2171 qui‘olim
342 2109 462 2156 Ausones
481 2102 649 2157 dicebantur.
685 2103 726 2155 De
745 2102 857 2154 Sabellis
874 2105 960 2155 Varro
984 2106 1013 2156 in
1030 2106 1101 2172 Age-

63 2172 155 2225 modo
172 2173 211 2224 sic
229 2173 280 2224 ait:
296 2173 393 2241 ¹'ferra
413 2175 539 2225 culturae
558 2191 645 2223 causa
665 2173 800 2223 attributa
819 2173 885 2223 olim
904 2175 1099 2239 particulatim

64 2243 248 2306 hominibus,
277 2253 309 2293 ut
338 2242 453 2293 Etruria
487 2242 605 2306 Tuscis,
622 2241 782 2311 ..Snsnnium
807 2237 935 2293 Sabellis:
958 2274 991 2284 -
1041 2247 1101 2299 168.

65 2311 169 2377 Malo,
195 2326 247 2378 pro
270 2310 374 2364 labore.
417 2312 460 2361 Sic
485 2313 571 2364 etiarn
595 2329 611 2365 e
635 2311 775 2363 contrario
800 2311 923 2362 lahorem
948 2327 999 2379 pro
1025 2312 1099 2362 melo

64 2380 140 2432 solet
157 2394 278 2448 ponere,
301 2389 331 2430 ut
347 2379 387 2438 ihi
405 2382 444 2446 (A.
460 2383 492 2461 (t,
510 2382 596 2441 169.):
620 2379 671 2430 llle
690 2382 749 2430 dies
766 2383 874 2445 primus
893 2381 955 2445 leti,
976 2382 1100 2447 primus-

65 2467 123 2518 que
150 2449 278 2500 laborum
303 2450 395 2500 Causa
419 2450 489 2518 fust.
532 2448 706 2515 *Volscosque
737 2461 864 2511 verutos,-
896 2448 970 2516 quod
1000 2448 1101 2513 verutis

64 2524 202 2590 pugnent.
221 2542 255 2552 -
290 2525 351 2574 172.
371 2520 479 2569 Avertit
499 2519 579 2581 imlu,
605 2521 755 2576 auertiset
778 2518 913 2569 imbellem
933 2517 1031 2586 facis,
1053 2524 1101 2568 aut

65 2586 330 2657 imbellemvictuin
353 2587 410 2641 iam
432 2603 484 2638 nec
508 2583 669 2638 bellantem.
703 2586 834 2647 Ceterum
854 2586 918 2652 quid
935 2587 1052 2653 grande,
1076 2584 1100 2637 si

65 2655 351 2717 imbellemavertis?
368 2687 401 2697 -
437 2660 497 2711 184.
519 2655 648 2722 Uligine,¹
678 2655 754 2720 uligo
774 2655 873 2704 dicitur
897 2654 1028 2707 naturalis
1045 2662 1101 2704 ter·

64 2743 120 2778 rae
143 2723 252 2774 humor.
277 2749 311 2760 —
352 2730 412 2781 193.
437 2722 571 2790 Pinguis,¹
595 2724 704 2774 Plautus
728 2724 757 2773 in
781 2722 920 2772 Aulularia
944 2729 987 2787 (2,
1004 2730 1034 2785 5,
1051 2722 1100 2783 6,);

67 2794 143 2844 Titi
167 2793 279 2842 dubitur
303 2794 440 2860 pinguior
464 2795 584 2842 tibicina
613 2792 664 2860 (G.
689 2792 742 2842 siti
767 2789 868 2853 cena),
898 2808 966 2858 quae
991 2803 1100 2861 propter
1157 2832 1161 2839 .

67 2862 192 2914 assidue
212 2861 256 2926 (G.
274 2863 417 2920 assiduos)
442 2862 587 2929 sacrificiu
605 2862 764 2928 pinguescit
782 2860 827 2925 (G.
845 2862 1049 2925 pinguescunt).
1067 2859 1099 2907 la.

65 2934 136 2991 194.
159 2929 329 2992 Reddimus3
356 2930 421 2997 quia
444 2923 586 2982 debentur.
629 2929 756 2990 'Pandis;
778 2930 856 2983 cavis.
897 2930 932 2978 Ut
955 2929 1012 2998 ipse
1036 2927 1102 2980 alibi

67 2997 169 3068 (244·)⁰.
191 2997 225 3048 Et
241 2999 351 3065 pandos
371 2999 477 3048 ratibus
495 2996 611 3066 posuere
630 3000 751 3049 carinus.
770 3027 802 3039 -·
845 3002 905 3054 195.
923 2996 974 3047 Sin
983 2989 1101 3049 xarmen·

68 3083 120 3130 ta,-
145 3083 229 3134 quare
254 3066 286 3119 de
305 3067 436 3118 armentis
453 3069 533 3131 dicit,
556 3085 620 3118 cum
644 3067 739 3116 tertius
762 3066 834 3118 liber
851 3065 885 3117 ad
903 3066 1020 3134 pecudes
1037 3066 1103 3119 divi·

67 3152 117 3189 sus
143 3133 196 3185 sit?
230 3135 345 3186 Solvitur
369 3136 422 3185 sic:
455 3137 601 3187 Varietatis
624 3151 720 3197 causa,
750 3153 786 3186 ne
810 3134 956 3187 uniformis
977 3135 1101 3187 narratio

67 3209 152 3258 esset.
186 3202 265 3256 Nvuic
289 3211 317 3253 et
340 3216 481 3267 crineum,
503 3221 559 3256 non
584 3204 617 3256 de
641 3204 683 3254 his
701 3203 781 3265 dicit,
804 3204 901 3255 sedite
919 3210 1008 3267 terra,
1031 3220 1102 3270 quae

67 3271 148 3324 utilis
165 3271 200 3321 sit
216 3275 357 3323 armentis.
391 3275 445 3323 Aut
462 3273 537 3324 enim
556 3274 646 3340 posuit
663 3288 732 3337 (luae
749 3272 888 3336 nutriant,
905 3272 985 3323 etsie
1004 3271 1102 3339 (tice)

68 3356 147 3411 quae
164 3340 258 3390 nutrit.
272 3373 307 3381 —
343 3347 405 3397 203.
424 3340 559 3409 Pinguis3
582 3341 695 3403 fertilis,
718 3341 783 3407 quia
805 3339 882 3407 regio
907 3339 964 3391 eius
986 3340 1104 3405 herbosa

69 3418 125 3462 est.
151 3407 203 3458 Alii
221 3409 329 3474 dicunt,
353 3425 468 3475 agrum,
491 3411 520 3460 in
540 3426 592 3479 quo
610 3409 721 3459 condita
738 3406 779 3458 est
796 3408 946 3473 Tarentus,
968 3408 1102 3460 Saturum

71 3477 121 3544 (G.
141 3475 285 3544 Satyrum)
309 3478 408 3528 vocari.
427 3510 459 3519 -·
495 3485 557 3536 213.
580 3479 696 3539 Rorem3
723 3492 828 3543 rorem,
850 3493 934 3545 quem
960 3481 1103 3529 marinum

70 3553 187 3611 vocant,
210 3545 291 3597 dicit:
315 3555 344 3596 et
368 3553 409 3598 est
432 3547 537 3598 humile
562 3548 724 3614 virgultum,
747 3544 820 3613 quod
836 3536 875 3598 'in
899 3546 1013 3598 exilibus
1029 3547 1103 3615 agris

69 3613 204 3667 nascitur.
221 3638 256 3652 ·-
289 3621 350 3671 216.
368 3613 500 3680 Dulcem3
520 3615 587 3666 ordo
606 3623 659 3678 est,
678 3632 761 3680 aeque
780 3615 903 3679 dulcem,
920 3615 972 3667 hoc
990 3624 1029 3667 est
1045 3614 1107 3666 tani

72 3683 192 3735 dulcem.
215 3709 250 3720 -
290 3687 353 3739 rut.
381 3682 481 3734 Vesevo
490 3709 499 3748 ,·
527 3684 696 3752 Campaniae
721 3699 800 3734 mons
824 3686 946 3734 Vesevus.
965 3709 997 3719 —-
1041 3688 1102 3742 225.

74 3752 152 3814 0ra;
181 3758 209 3803 et
231 3752 286 3803 hoo
310 3752 465 3804 emendavit
490 3754 562 3820 ipse,
587 3752 635 3819 qui
660 3756 745 3818 (quia
770 3752 814 3812 G.)
839 3751 943 3802 Nolam
968 3752 1102 3823 posuerat.

71 3818 148 3873 Nam
170 3827 265 3890 postea
282 3821 402 3871 osfernus
426 3837 443 3871 a
460 3820 588 3882 Nolanis,
613 3819 661 3887 qui
685 3820 775 3872 eidem
799 3837 900 3888 aquarn
930 3828 1104 3886 negaverant,

75 3902 195 3959 utapro
213 3889 288 3940 u'ota
306 3888 405 3954 posuit.
423 3920 455 3930 -
490 3896 552 3946 227.
569 3888 659 3954 Supra
678 3906 794 3951 morem
813 3888 880 3938 ordo
898 3895 951 3939 est:
968 3888 996 3938 s'i
1012 3888 1104 3957 requi·

74 3974 121 4009 ras
137 3974 203 4008 rara
219 3958 270 4022 sit,
295 3975 330 4007 an
348 3973 431 4027 supra
448 3973 559 4010 morem
577 3959 669 4010 densa.
702 3959 737 4008 Et
754 3958 843 4023 Supra
863 3973 964 4007 morem
990 3957 1034 4007 hie
1051 3972 1102 4027 pro
1186 3949 1191 3959 ’

44 4058 50 4065 -
72 4026 152 4078 valde
183 4033 223 4078 est
255 4026 389 4096 positum,
417 4026 470 4078 hoc
494 4035 536 4079 est
565 4038 650 4095 supra
672 4027 802 4093 modum,
830 4041 914 4092 supra
936 4025 1047 4077 imum.
1070 4051 1104 4065 -
1144 4078 1147 4084 ,
