2430 4620
244 287 284 335 m
304 271 461 335 nucu.
487 270 649 338 osona.
670 246 713 348 1‚'
728 275 922 342 res-ror.
938 270 944 281 ··
1039 250 1124 343 ros'
1192 300 1194 307 ·

1115 131 1119 161 l

56 457 167 511 scilicet
190 456 363 510 diversarum
385 471 498 523 rerum,
524 456 624 526 quibus
647 455 775 509 homines
798 470 927 524 repressa
950 441 1103 538 spontanea

56 535 228 605 cunctariun
244 541 341 577 rerum
357 525 483 594 origine,
506 534 534 578 et
557 534 698 577 terrarum
719 525 932 599 fructificatione
948 533 1103 594 coeperunt

56 593 183 663 egere}
201 592 299 646 Labor
316 596 461 663 improbus
467 618 477 658 ,-
499 594 542 646 vel
558 611 688 663 magnus,
711 594 754 646 vel
770 593 838 645 nulli
854 594 1021 665 probabilis:
1041 593 1102 647 nul-

56 665 96 716 lus
114 664 204 715 enim*
218 670 259 714 est
275 666 390 715 amator'
400 662 502 714 laboris
520 662 575 730 [vel
591 663 759 728 indefessus,
776 662 916 730 adsiduus,
931 666 991 715 sine
1007 662 1102 715 mode-

55 731 196 796 ramine]
222 748 267 770 -·
303 737 363 790 146.
386 730 422 780 Et
445 732 527 782 duris
552 749 655 800 urgens
680 739 746 790 etc.;
770 732 905 799 [urgeni‚
932 745 1048 800 cogens,
1071 736 1101 783 st
1148 768 1153 782 .

56 801 133 869 qrrasi
159 800 322 870 importune
353 799 486 867 insistens.
527 800 660 866 Egestas,
692 799 846 866 indigentia
875 815 980 852 rerum.
1020 799 1101 851 Prior

55 869 160 936 (Peior)
180 876 224 920 est
242 876 356 936 egestas,
371 882 456 936 quarn
473 878 636 936 paupertas3
653 876 799 937 paupertas
817 867 892 920 enim
910 869 1025 921 honesta
1040 883 1103 921 assa

56 946 157 1010 potest.
177 938 311 1004 ¹Egestas
327 944 422 989 autem
439 937 526 1006 turpis
544 936 604 1002 est]
637 938 744 988 Persius
769 935 850 1001 (Prol.
869 938 936 998 10.):
960 935 1101 1005 Magister

29 1015 34 1025 ‘
56 1010 128 1058 artis
151 1007 321 1074 ingeniique
338 1007 461 1072 largitor
480 1005 593 1070 Venter,
611 1017 727 1072 negatas
746 1004 852 1072 artifex
870 1009 951 1071 sequi
968 1021 1102 1058 vocaes.·-
1139 1024 1143 1035 ¹

57 1081 117 1134 147.
137 1074 240 1125 Prima
259 1083 326 1135 etc.;
350 1079 443 1143 prima
460 1075 546 1126 Ceres
564 1090 648 1126 omne
670 1073 856 1141 agriculturae
878 1089 964 1141 genus
981 1073 1102 1131 homiui·
1145 1136 1154 1146 „

58 1143 111 1197 bus
130 1143 277 1197 indicavit.
324 1141 468 1213 superfluo
499 1143 575 1194 enim
599 1143 789 1211 quaestionem
813 1151 927 1194 movent
950 1141 1100 1212 [quidam]

63 1213 279 1279 commentarii,
306 1211 429 1264 dicentes
452 1210 560 1264 Osirim
582 1213 624 1263 vel
649 1211 852 1280 Triptolemum
877 1218 1002 1263 aratrum
1026 1213 1116 1273 iuven

62 1283 139 1334 nisse.
182 1281 260 1332 Nam
284 1279 359 1332 aliud
456 1294 545 1355 priam
569 1297 632 1332 rem
656 1279 798 1342 invenire,
821 1286 849 1331 et
872 1279 960 1345 aliud,
985 1294 1101 1346 omnem

62 1348 264 1418 agriculturam
287 1284 500 1475 (¹⁰⁶²er
523 1349 590 1400 fecit
614 1349 709 1400 Ceras.
749 1346 823 1398 Nam
841 1346 956 1416 ferrum
982 1350 1099 1402 dicendo

61 1426 161 1470 cincta
186 1418 357 1485 generaliter
481 1432 546 1468 nun
569 1434 646 1468 arma
670 1414 872 1483 complectitur.
907 1417 989 1485 [Sane
1011 1418 1101 1471 solum

53 1487 111 1539 noo
129 1502 243 1538 nomen
261 1496 302 1547 est
319 1487 349 1536 in
366 1482 553 1554 polysyllabis,
577 1486 650 1555 quod
667 1486 794 1535 ultimam
811 1487 947 1563 producat
963 1486 992 1538 in
1009 1490 1101 1541 nomi·

58 1555 172 1621 nativo,
196 1562 306 1611 eteam
329 1555 365 1613 in,
377 1553 493 1622 obliquis
511 1554 656 1624 corripiat,
672 1561 703 1603 ut
720 1553 804 1606 Ceres
822 1554 951 1620 Cereris]
969 1581 1001 1593 -
1037 1561 1099 1616 148.

59 1614 333 1692 Sacracdafiacrent
351 1622 456 1685 siloas‚·
483 1623 594 1690 (Sacrae
613 1623 702 1672 silvae
720 1622 789 1688 ait,)
814 1622 952 1692 emphasis
969 1632 1024 1689 est,
1039 1627 1057 1676 i.
1075 1643 1100 1680 e.
1155 1667 1161 1687 ,

59 1693 146 1746 ctiam
173 1707 283 1757 morae,
306 1698 425 1760 quarum
448 1691 577 1744 sterilitas
601 1699 757 1761 ceterarum
775 1706 884 1759 quoque
905 1692 1042 1759 significat
1057 1693 1100 1746 iu·

59 1761 290 1814 foecunditatem.
325 1760 430 1811 Aebura
455 1769 549 1811 autem
573 1770 635 1810 sunt
651 1759 737 1827 rubra
760 1775 844 1828 poma
859 1759 1004 1825 silvarum,
1028 1766 1099 1830 qtrae

61 1830 167 1882 Plinius
191 1830 329 1880 urradones
347 1836 436 1880 vocat:
460 1829 534 1894 quod
557 1827 703 1898 asperitate
727 1844 776 1879 sua
800 1829 879 1896 plura
902 1829 947 1881 edi
964 1843 1020 1881 non
1057 1846 1099 1890 os·

10 1914 15 1927 ·
60 1906 130 1950 sunt.
170 1897 268 1964 [Silvae
285 1897 418 1949 autemsi
435 1897 618 1947 nominativus
642 1895 754 1963 pluralis
773 1904 824 1962 est¹
848 1896 966 1964 figurata
982 1897 1101 1952 dealma-
1134 1950 1137 1955 .

61 1967 97 2017 tio
116 1975 176 2032 est,
200 1965 225 2017 si
242 1965 386 2034 singularis
410 1964 543 2029 genitivus
567 1970 621 2027 est,
644 1963 811 2030 possessiva]
830 1990 863 2003 ·-
905 1971 965 2022 149.
989 1967 1100 2018 Victum

60 2034 189 2088 Dodona
218 2045 345 2102 negant,-
369 2033 486 2083 Dodona
510 2035 603 2085 civitas
620 2031 700 2101 Epiri
726 2040 780 2098 est,
802 2034 876 2086 iuxta
894 2049 978 2102 quam
1000 2050 1099 2089 nemus

57 2113 99 2171 est
116 2104 178 2155 lovi
196 2112 351 2168 sacratum,
374 2110 403 2154 et
418 2101 561 2153 abundans
579 2101 723 2169 glandibus
746 2116 870 2172 semper,
893 2104 939 2170 [de
958 2103 1035 2155 cuius
1051 2122 1119 2158 new

61 2174 150 2224 moris
179 2172 327 2226 arboribus
350 2170 495 2221 columbae
519 2170 631 2221 oracula
653 2170 838 2238 penitentibus
861 2171 929 2224 dare
956 2187 1102 2227 consuete·

62 2239 147 2306 rant]
184 2242 262 2293 Unde
286 2249 316 2293 et
339 2233 399 2291 κατ’
424 2236 519 2304 ἰξοχήν
533 2240 669 2293 ¹Dodonae
694 2237 780 2290 efficit
802 2241 983 2293 mentionem.
1016 2241 1100 2310 [Quia

61 2310 128 2362 dixis
156 2313 228 2380 (sup.
245 2310 295 2372 ωε
322 2308 477 2360 Chaoniam
496 2310 601 2374 pingui
617 2309 748 2374 glandem
767 2311 888 2360 mutavit
906 2311 1012 2360 arista:
1037 2319 1101 2363 sunt

59 2379 139 2431 enim
154 2379 282 2430 Chaones
298 2378 327 2429 in
346 2379 432 2447 Epiro
449 2378 564 2457 perinde
581 2383 612 2424 ut
627 2376 751 2428 Dodona.
785 2376 821 2428 Et
837 2386 927 2428 totum
945 2378 1018 2446 quod
1034 2378 1102 2432 dicit
1178 2409 1181 2416 ·

60 2446 122 2512 bic,
140 2447 198 2499 hoc
216 2453 273 2510 est,
289 2447 367 2497 Prius
384 2447 509 2512 hopnnes
526 2453 557 2496 ut
572 2444 697 2515 legimus¹
707 2442 776 2514 pasti
792 2447 937 2514 glandibus
954 2454 1031 2513 sunt,
1047 2465 1100 2501 nec

61 2515 138 2567 aliud
157 2517 193 2567 ad
210 2515 312 2566 victum
329 2514 506 2583 quaerebant.
541 2513 614 2564 Cum
630 2513 715 2581 igitur
738 2513 795 2564 iam
812 2516 962 2568 deficerent
978 2516 1101 2583 glandes,
1122 2531 1131 2553 ³
1184 2525 1187 2532 '

62 2593 90 2637 et
107 2599 168 2636 non
184 2584 276 2635 solum
293 2583 433 2652 quaelibet
449 2582 544 2646 silvae,
569 2582 719 2633 sedetiam
742 2599 835 2635 sacrae
854 2585 955 2634 victum
979 2584 1100 2637 homini·

62 2651 113 2704 bus
140 2661 291 2721 negarant5
322 2660 351 2703 et
373 2667 439 2703 cum
463 2651 522 2701 aliis
545 2650 615 2701 silvis
642 2650 702 2720 ipsa
727 2667 836 2720 quoque
860 2651 976 2705 Dodona
999 2653 1101 2719 civitas,

62 2738 134 2790 qnae
164 2721 238 2772 iuxta
261 2736 290 2772 se
307 2735 405 2772 nemus
422 2719 478 2771 lovi
502 2718 845 2784 consecratumbababat,
869 2718 982 2788 glandes
1005 2721 1100 2772 usibus

61 2790 196 2842 humanis
225 2788 413 2853 subtraheret,
442 2789 533 2839 Ceres
564 2787 656 2856 prima
669 2804 768 2849 somne
800 2805 885 2856 genus
915 2789 1100 2856 agriculturae

61 2857 226 2911 bominibus
241 2857 432 2922 indicavit.]-
468 2863 527 2913 150.
545 2853 640 2907 Labor
659 2850 774 2908 additus
780 2880 790 2920 ,-
807 2865 855 2908 aut
872 2857 964 2909 datus:
982 2866 1012 2908 ut
1028 2857 1100 2910 nibil
1120 2904 1123 2909 .

55 2927 133 2978 *mali
150 2935 217 2978 ante
233 2926 395 2978 habuerint:
412 2932 507 2976 autre
525 2936 588 2975 vera
606 2921 727 2977 additus:
745 2926 809 2993 qnia
826 2933 890 2976 ante
909 2934 969 2978 erat
985 2926 1100 2995 quidem

61 2996 162 3060 labor,
177 2996 228 3047 sed
244 3002 352 3046 tantum
370 2994 539 3055 herbarum„
555 2993 731 3060 intyborum:
754 3004 848 3063 postea
866 2995 979 3047 accessit
995 2994 1101 3064 rubigi-

62 3066 121 3128 nis,
145 3062 323 3114 carduorum.
358 3061 462 3131 [Labor
485 3070 578 3112 autam
596 3077 681 3129 quem
699 3063 799 3114 Graeci
816 3067 914 3115 eonion
936 3063 1049 3129 dicunt]
1064 3090 1101 3103 -

62 3138 126 3191 151.
147 3132 243 3196 Esset,·
270 3129 446 3199 [comesset,]
469 3139 658 3181 consumeret:
684 3139 714 3181 ut
738 3120 776 3198 (A.
794 3136 829 3198 4,
846 3133 913 3194 66.)ε
936 3131 987 3182 Est
1004 3133 1101 3184 mollis
1154 3149 1156 3157 ·

56 3203 185 3270 flamma
210 3201 354 3251 medullas.
396 3199 508 3266 Robigo
539 3207 632 3249 autem
662 3214 748 3266 genus
773 3209 814 3252 est
836 3202 908 3266 vitii,
936 3214 991 3269 quo
1015 3201 1101 3253 culmi
1147 3205 1159 3237 '³

62 3276 194 3338 pereunt.
228 3268 318 3336 [Quod
332 3287 348 3319 a
359 3269 504 3319 rusticanis
519 3268 667 3317 salamirus
684 3268 792 3320 dicitur.
827 3271 885 3320 Hoc
902 3278 997 3322 autam
1014 3284 1101 3338 genus

62 3338 123 3389 vitii
149 3353 195 3406 ex‘
206 3337 306 3388 nebula
331 3337 406 3388 nasci
432 3335 516 3398 solet,
541 3352 606 3386 curn
629 3335 788 3402 nigrescunt
812 3345 840 3390 et
862 3347 1028 3389 consumunt
1044 3341 1102 3390 iru-

62 3413 171 3457 menta.
211 3405 276 3456 Inde
300 3412 328 3457 et
348 3405 472 3472 Robigus
497 3403 578 3469 daus,
609 3412 636 3455 et
659 3421 737 3456 sacra
761 3406 818 3457 eius
850 3408 967 3475 septimo
991 3406 1102 3460 kalend.

61 3474 157 3526 Maias
180 3472 327 3541 Robigalia
351 3470 549 3543 appellantur.]
570 3506 574 3513 -
600 3471 651 3523 Sed
673 3473 759 3542 [haec
783 3472 844 3539 res]
866 3475 977 3535 abusive
1000 3475 1100 3543 robigo

61 3542 178 3595 dicitrrr.
211 3528 283 3594 Nam
299 3545 411 3615 proprie
428 3539 529 3608 robigo
546 3546 601 3607 est,
623 3549 654 3592 ut
670 3543 756 3594 Varro
773 3543 854 3612 dicit,
876 3544 974 3596 vitium
991 3545 1104 3596 obscoe-

93 3731 148 3783 147)
167 3734 204 3783 ,G-
219 3735 297 3774 dooere.
320 3735 379 3775 Ceres
394 3747 439 3774 cunr
454 3734 516 3774 filim
531 3728 645 3786 quaerent,
660 3731 779 3784 Lilybrsrnr
794 3733 930 3786 (Lilybaeum)
945 3743 965 3774 st
978 3735 999 3773 in
1012 3734 1103 3777 Atticam

152 3793 270 3837 adveniret,
291 3793 317 3830 ad
332 3793 421 3831 Caelium
436 3793 534 3841 (Celsum)
549 3792 675 3842 hospitaliter
689 3792 713 3829 ab
727 3791 772 3840 ipso
787 3801 890 3842 suscepta,
909 3792 999 3830 reddidit
1011 3792 1102 3842 gratiam.
1127 3835 1129 3841 ἲ

150 3850 206 3888 Naro
225 3848 266 3886 filio
281 3849 323 3887 eius
338 3850 456 3898 Tlepolemo
472 3849 575 3899 (Triptol.)
591 3848 660 3888 arandi
674 3860 697 3886 as
711 3850 791 3887 serendi
804 3862 874 3894 naum,
894 3855 917 3886 ut
935 3849 970 3887 ills
989 3849 1103 3888 hominbus

151 3907 277 3950 ostenderet,
294 3906 445 3945 demonstravit.
460 3927 485 3936 -
513 3908 553 3944 Vr.
566 3906 623 3945 uasis
638 3905 727 3962 seiuncta
741 3906 805 3946 onitu
826 3905 893 3946 Gustu
908 3906 923 3943 l·
936 3906 961 3944 ll·
974 3907 1000 3945 1..
1013 3905 1041 3945 u«
1055 3907 1103 3946 Vos.

151 3964 220 4011 Steplr.
236 3969 256 4000 rt
269 3961 296 3999 cl.
312 3961 338 3999 rs.
352 3963 379 4001 ad
391 3962 427 4003 96.

91 4042 145 4091 1⁵¹)
174 4043 214 4081 Pro
229 4045 314 4093 septima
329 4042 379 4084 rat.
406 4043 460 4084 ura
477 4040 553 4083 duim·
567 4040 616 4084 tat.
684 4019 687 4022 .
811 4091 813 4095 λ

844 4146 900 4206 tt·
