2430 4620
108 256 162 365 'so
384 296 523 358 stava
545 291 899 358 consuescamus

122 481 163 534 rei
181 481 310 549 Virgilius
327 484 460 534 Aruntem
477 482 558 550 paulo
576 489 638 550 post
654 487 797 551 comparat
812 479 892 548 lupos
916 480 993 550 quasi
1010 479 1162 550 Hirpinum

123 549 268 603 Soranum.
291 581 326 590 -
372 559 434 610 766.
459 550 563 602 Pincus
587 553 691 613 ardor5
723 551 794 619 ignis
825 553 993 619 περίφρασις.
1031 557 1161 614 ¹Acervo;

143 638 206 688 pra,
223 622 429 673 coacervatione
444 621 593 688 lignorum.
608 645 641 656 -
676 627 736 676 787.
755 619 831 669 Freti
849 622 964 686 pietatm
980 621 1032 672 iste
1046 622 1162 688 quidem

124 637 179 743 loc
196 688 277 741 dicit:
295 691 343 742 sed
355 692 441 742 Varro
460 689 562 757 ubique
581 697 749 758 expugnator
766 689 909 754 religionis
926 692 973 749 ait,
990 705 1057 738 cum
1075 691 1161 757 quod·

123 759 190 811 dam
202 759 437 811 medicamentum
450 757 632 810 describeret:
653 755 686 806 Ut
700 757 744 824 (al.
753 757 792 808 Eo
807 758 860 817 uti)
874 759 964 808 solent
972 757 1095 825 Hirpini
1111 760 1161 825 qui

123 830 301 880 ambulaturi
318 845 366 895 per
384 830 464 894 ignes
483 827 681 877 medicamento
706 826 750 891 (Pa
768 826 946 887 medicantes)
970 828 1085 894 plantas
1104 830 1160 878 tia·

126 911 253 966 μητε-
286 905 348 954 788.
362 895 454 946 Multa
472 894 630 962 pruna,·in
647 910 736 961 primu
754 896 797 962 (al.
812 897 885 946 inter
899 896 1027 962 prunos).
1064 895 1160 947 Pruna

125 976 220 1018 erstem
236 966 371 1035 quamdiu
387 964 467 1016 ardet
484 963 592 1014 dicitur.
625 963 753 1014 Horatius
771 962 868 1030 (Scrm.
886 970 916 1029 1,
934 971 965 1028 5,
983 962 1051 1027 36.);
1078 964 1159 1016 Prae-

125 1049 229 1088 testam
255 1049 280 1084 et
298 1037 386 1086 latum
413 1035 537 1096 clavum,
560 1049 722 1099 prunaeque
748 1033 879 1082 batillum
906 1033 996 1099 (codd.
1019 1034 1160 1096 batiluml

109 1107 199 1157 .Gum
223 1111 315 1154 autem
334 1103 452 1154 extincta
475 1100 576 1165 fuerit,
599 1101 682 1151 carbo
708 1101 877 1152 nominatur.
911 1102 1059 1153 Terentius
1077 1103 1159 1168 (Adel

127 1181 158 1237 5,
176 1182 206 1236 3,
223 1174 292 1230 fini:
322 1172 392 1220 'l'am
411 1171 459 1237 (R.
477 1171 537 1219 Vos.
556 1169 652 1236 quam)
670 1182 809 1219 excoctam
828 1183 910 1237 atque
928 1183 1018 1219 atram
1039 1173 1163 1241 reddam,

127 1259 212 1310 quam
238 1243 321 1292 carbo
347 1251 394 1290 est.
435 1239 507 1290 Nam
532 1255 626 1303 pruna
650 1254 667 1290 a
691 1239 846 1304 perurendo
865 1239 938 1290 dicta
963 1246 1009 1290 est
1029 1265 1065 1277 ·-
1100 1246 1161 1298 790.

126 1312 272 1374 Exuvias,
287 1311 418 1377 pulsaeve
436 1320 597 1374 tropaeum3
623 1311 742 1357 esuvias
760 1308 879 1372 occisae,
895 1308 990 1374 pulsae
1007 1321 1161 1375 tropaeum.

126 1381 163 1432 Et
179 1380 297 1450 proprie.
332 1379 405 1429 Nam
422 1385 550 1442 utsupra
568 1375 863 1442 (10,775.)diximus,
886 1375 942 1443 [de]
961 1377 1057 1428 occisis
1074 1378 1160 1431 hosti.

125 1450 177 1502 bus
200 1447 424 1516 triumphabant,
447 1443 481 1496 de
503 1444 587 1511 pulsis
610 1444 718 1511 (Gueli.
735 1445 754 1494 Ι.
780 1444 934 1512 defugatis)
957 1445 1082 1513 figebant
1104 1455 1162 1498 tro·

124 1535 203 1590 paea.
217 1544 251 1554 -
284 1522 346 1574 795.
368 1514 474 1567 Partem
492 1521 557 1575 etc,
575 1515 648 1565 bona
665 1511 818 1565 moderatio
832 1512 963 1582 Apollinis
979 1518 1053 1566 inter
1071 1530 1163 1569 mcer-

124 1587 197 1640 dotis
213 1602 325 1655 preces,
348 1591 376 1636 et
393 1582 560 1633 voluntatem
578 1584 687 1633 sororis.
725 1583 784 1648 [Est
801 1589 895 1632 alitem
912 1583 1045 1649 Homeri,
1063 1592 1162 1645 orante

125 1654 252 1708 Patroclo
276 1653 380 1705 Achille
404 1651 609 1716 (11.sr,249.):
633 1647 680 1703 Ὠς
704 1644 782 1719 ἔφατ’
806 1646 948 1718 sindpertus
971 1671 996 1705 se.
1014 1666 1042 1706 st
1059 1649 1104 1719 l.]
1126 1678 1162 1692 ·-

23 1758 28 1775 .
125 1730 187 1781 801.
205 1723 290 1774 Nihil
308 1725 385 1790 ipsa,
411 1736 459 1769 nec
477 1737 579 1786 auras,
597 1717 656 1770 Nec
674 1723 786 1770 sonitus
805 1738 922 1786 memor‚·
947 1721 1016 1773 haec
1034 1730 1075 1773 est
1094 1722 1164 1775 anti·

124 1807 181 1862 qua
197 1792 289 1844 lectio.
323 1792 449 1868 Namque
461 1789 534 1856 apud
551 1788 670 1840 maiorer
687 1789 848 1840 trahebatur
865 1789 1004 1841 interdum
1019 1807 1037 1840 a
1049 1790 1166 1844 Graeca

126 1860 260 1930 genitivus
277 1859 430 1926 singularis.
463 1859 534 1908 Hinc
551 1865 592 1908 est
608 1866 636 1908 et
652 1858 862 1926 paterfamilias
880 1866 908 1910 et
922 1852 1163 1927 materfamiliass

125 1947 197 1998 quse
215 1929 269 1983 duo
292 1936 401 1980 tantum
424 1927 539 1978 nomina
561 1935 763 1979 remanserunt.
798 1928 871 1977 Nam
894 1943 946 1979 nec
964 1927 1053 1978 liuius
1070 1946 1163 1981 auras

124 1999 259 2062 dicimus,
288 2013 339 2048 nec
364 1995 451 2046 buius
476 1995 621 2045 custodias
650 1997 802 2046 secundum
825 1996 998 2062 Sallustium,
1030 1998 1080 2066 qui
1112 2000 1165 2053 aits

127 2068 250 2118 castella
269 2066 309 2133 (L.
329 2065 421 2126 stella)
439 2065 584 2114 custodias
600 2063 812 2115 thesaurorum:
831 2068 1047 2131 pro-custodiae
1066 2067 1113 2133 (L
1130 2069 1163 2121 lt.

126 2135 293 2199 custodia);
318 2134 357 2185 ita
381 2133 456 2184 enlm
474 2132 560 2184 etiam
582 2133 667 2202 Asper
690 2133 832 2201 intelligit:
856 2134 921 2186 licet
944 2135 991 2186 alii
1014 2139 1164 2189 custodies

125 2203 312 2258 accusativum
329 2201 418 2254 velint.
452 2200 522 2253 Sane
539 2202 748 2269 paterfamilias
766 2205 806 2271 [et
824 2203 1055 2271 materfamilias]
1074 2223 1163 2274 quian-

16 2322 21 2333 ,
126 2274 163 2326 do
181 2270 311 2336 dicimus,
332 2271 464 2337 familias
487 2269 681 2324 indeclinabile
703 2279 750 2322 est
784 2270 812 2321 Si
837 2280 930 2323 autem
947 2276 1162 2343 paterfamiliae

125 2343 219 2395 dicere
236 2341 416 2406 voluerimus,
439 2339 497 2390 iam
514 2355 571 2390 non
589 2339 644 2390 erit
661 2355 778 2392 nomen:
801 2338 997 2405 sedelocum,
1022 2351 1051 2394 et
1067 2345 1164 2412 sami-

126 2413 183 2464 liae
201 2409 254 2462 erit
267 2408 381 2460 dativus.
414 2409 487 2459 Nam
504 2420 582 2474 pater
600 2408 672 2459 milti
690 2421 729 2458 est
746 2408 1051 2465 dicimuti·''1¹ercntius
1076 2414 1163 2478 (Adel.

126 2487 160 2544 1,
176 2488 210 2543 2,
225 2477 291 2538 46.);
315 2476 429 2528 Natura
446 2490 477 2526 tu
496 2478 543 2527 illi
560 2490 637 2544 pater
655 2495 698 2542 es,
723 2476 860 2528 consiliis
872 2494 930 2546 ego.
964 2479 1047 2531 Multi
1062 2489 1164 2536 umen

124 2549 229 2611 volunt,
243 2547 272 2596 in
290 2561 408 2597 numero
426 2545 525 2613 plurali
541 2561 644 2596 nomen
661 2554 810 2614 utrumque
827 2547 971 2609 declinari,
988 2557 1019 2598 ut
1035 2550 1164 2607 dicamus

125 2616 157 2668 tn·
171 2614 412 2682 patresfamiliae,
430 2615 530 2664 borum
547 2614 849 2685 patrumfamiliarum.
866 2641 901 2653 -
935 2622 997 2673 803.
1017 2617 1160 2687 Papillei'm

125 2695 262 2748 exertam,-
292 2684 404 2734 nudam.
452 2681 522 2734 Sane
547 2684 674 2734 mamilla
698 2693 739 2735 est
762 2684 852 2735 omnis
876 2685 1162 2741 enitentia-'uberior

126 2755 234 2821 papilla
258 2767 322 2804 vero
341 2752 423 2803 breve
445 2751 511 2803 illud
529 2751 603 2803 unde
625 2752 668 2803 lac
690 2754 817 2804 trahitur.
836 2779 869 2790 -
904 2761 965 2811 805.
983 2755 1160 2821 Dominam,-

124 2822 266 2891 reginam:
291 2828 323 2870 ut
337 2825 380 2888 (6,
398 2819 481 2882 397).
504 2818 546 2870 Hi
563 2821 706 2872 dominam
725 2823 794 2872 ditis
812 2821 935 2874 thalamo
955 2826 1091 2878 deducere
1111 2829 1160 2877 aaa·

101 2894 188 2948 arti.
206 2918 241 2927 -
275 2896 337 2946 808.
358 2889 487 2954 Virginis
505 2891 605 2953 audet‚·
629 2890 667 2940 sic
691 2891 781 2942 fuerat
798 2899 1000 2957 consternatus,
1024 2902 1055 2944 ut
1074 2897 1156 2948 etiam

122 2961 295 3012 vulneratam
312 2961 430 3009 timeret.
449 2984 481 2995 ·-
516 2964 577 3015 811.
596 2959 697 3008 Occiso
715 2972 828 3026 pastore
846 2962 946 3027 lupus,·
959 2962 1036 3014 ·bene
1053 2963 1155 3031 pastori

123 3029 252 3099 reginam
276 3033 428 3092 comparat.
468 3026 541 3076 Nam
567 3045 642 3093 reges
668 3029 735 3095 ipsi,
764 3041 890 3095 pastores
914 3040 1055 3082 vocantur.
1103 3035 1153 3085 Ho-

125 3112 219 3148 merus
236 3095 274 3162 (Il.
292 3114 318 3159 a,
336 3095 421 3155 ibid:
439 3099 563 3164 Ποιμένα
580 3091 660 3148 iada.
675 3123 708 3133 —
743 3103 804 3154 812.
824 3097 949 3149 caudam
967 3103 1166 3165 pavitantem.

123 3183 194 3234 quae
218 3166 349 3215 timorem
372 3163 487 3216 indicat:
512 3182 577 3233 pro:
602 3168 659 3232 ipse
684 3169 824 3230 pavitans.
842 3194 876 3204 -
910 3172 971 3225 814,
991 3169 1156 3235 Turbiduss·

123 3235 207 3285 modo
231 3232 358 3295 timidus,
381 3248 464 3301 supra
485 3234 628 3286 torribilis:
653 3241 683 3284 ut
707 3236 805 3302 (742.):
834 3235 939 3288 Venulo
958 3239 1110 3290 adversum
1126 3254 1156 3305 se,

123 3303 255 3371 turbidas
274 3301 368 3369 infert.
385 3327 420 3337 —
460 3303 657 3366 ⁸17.Macr0,·
681 3303 887 3374 hincapparet
908 3302 1080 3359 mucronem
1099 3324 1159 3373 ests,

123 3370 268 3423 cuiuslibet
283 3371 332 3421 teli
345 3385 475 3420 acumen.
492 3396 526 3409 -
561 3377 622 3430 818.
640 3372 665 3422 F
664 3374 758 3439 rigida
778 3375 847 3438 leto,·
864 3375 912 3426 alii
929 3375 980 3424 telo
998 3375 1153 3444 legunt,.el

122 3439 278 3506 intelligunt
295 3440 417 3501 uulnere.
452 3441 499 3506 [Et
515 3441 628 3508 quidam
645 3443 782 3491 labuntur
800 3444 866 3509 leto,
891 3459 948 3495 non
966 3445 1018 3494 leto
1030 3446 1151 3515 frigide,
1159 3438 1166 3507 ¹J

70 3540 76 3547 -
121 3507 169 3559 sed
188 3509 240 3558 leto
258 3506 402 3558 labimur.
436 3509 489 3558 Alii
500 3510 616 3576 frigida
636 3512 687 3562 leto
707 3511 852 3579 accipiunt,
869 3514 934 3580 quia
945 3514 1069 3579 sequitur
1083 3506 1164 3585 pouit¹

123 3574 239 3642 Captum
259 3577 311 3627 leto
329 3580 425 3641 posuit
442 3590 534 3643 caput.
568 3580 697 3631 Nonnulli
708 3579 822 3646 frigido
838 3582 948 3632 lumina
965 3581 1089 3649 tradunt,
1105 3582 1166 3635 lois·-

120 3645 186 3696 licet
201 3644 273 3713 ignis
290 3645 381 3695 calore
405 3646 537 3703 extincto.
563 3655 594 3697 ut
611 3650 783 3700 econtrario
808 3656 855 3715 (2,
872 3652 958 3711 405.):
984 3652 1027 3700 rid
1045 3650 1166 3711 coelum?

120 3715 236 3765 tendens
252 3716 383 3763 ardentia
402 3712 534 3779 luminu]
549 3740 583 3752 -
616 3723 682 3774 ·822.
701 3717 806 3767 Partiri
824 3736 924 3779 euras;
941 3721 1071 3771 subaudis
1088 3736 1155 3773 con·

120 3795 256 3834 sueverat
290 3781 368 3832 Haec
387 3785 426 3833 ito
445 3783 548 3850 jatur5
572 3800 658 3835 unum
675 3785 805 3838 abundat.
840 3789 914 3839 Nam
930 3805 1012 3856 supra
1030 3791 1083 3840 ait:
1107 3780 1166 3841 ill-‚⁵

119 3851 249 3921 loquitur.
266 3876 299 3888 ·-
335 3857 397 3907 823.
416 3850 513 3916 Potui‚·
539 3853 677 3906 absolute:
700 3871 824 3924 pugnare
846 3858 889 3908 rel
904 3857 1002 3909 vivere.
1040 3860 1162 3926 [Neces-

120 3921 191 3974 saria
209 3898 414 3987 enimlclipsis
431 3920 460 3970 in
478 3921 644 3988 defectione,
669 3940 740 3992 quae
758 3941 789 3975 ex
806 3934 867 3977 arte
884 3943 940 3978 non
957 3927 1044 3978 semol
1061 3926 1164 3997 positas,

118 3989 185 4056 es't]
208 4015 240 4027 -
282 3993 343 4046 825.
368 3987 501 4039 Succedat
524 3998 652 4058 paganel
685 3993 792 4044 animus
820 3995 967 4047 bellatricis
990 3988 1166 4059 ostenditur,'.*²

117 4073 188 4130 quae
211 4064 269 4115 abu
291 4072 321 4111 ae
345 4057 420 4121 dolet
435 4058 544 4128 lacera,
566 4062 614 4115 sed
639 4061 709 4116 bella
733 4062 860 4116 deserere
867 4081 875 4130 ;
896 4064 947 4133 [in
969 4071 1095 4132 tentum,
1118 4050 1166 4117 utl

1155 4128 1166 4153 t,
