2430 4620
127 261 170 326 68
384 254 525 319 sautu
547 253 904 318 COMMENTARIUS

255 379 266 415 s

128 440 252 508 munte,
275 447 304 495 et
319 439 350 494 ia
367 441 445 496 omni
462 455 551 509 regno
567 439 740 496 Latinorum.
758 468 794 480 -
827 446 871 498 25.
887 435 948 490 Nes
972 455 1067 507 genam
1093 438 1143 489 ind

128 527 223 576 estes,-
241 511 306 578 quia
322 511 374 564 iste
391 511 463 579 regis
480 510 566 562 filiam
582 511 714 578 petebat3
730 513 783 578 [est
800 517 894 568 autem
911 508 1033 561 elocutio
1049 507 1143 575 ligure

126 582 164 632 de
179 579 290 630 Graeco
315 574 461 647 ἀσχήμονες
484 597 587 648 μαῖον
601 582 616 639 ,*
640 577 683 646 (τό
708 578 810 649 γένοςΠ.
843 577 911 628 Sine
937 595 978 628 me
1004 577 1093 643 λαως
1116 575 1143 627 bt

127 649 189 701 loco
211 649 407 714 intelligimus,
430 650 559 701 Tsunum
583 648 679 703 dolore
701 649 816 700 voluisse
840 646 869 698 in
894 646 987 714 aliqua
1004 645 1094 698 verba
1107 661 1143 715 pt

127 734 269 788 rumpere.
302 717 391 767 Haud
410 719 509 768 mallia
517 718 608 836 [stup
632 718 651 770 i.
670 737 692 771 e.
710 735 791 780 vera,
813 732 880 767 nam
897 731 998 785 aspera
1013 722 1082 765 sunt
1097 726 1143 782 que

127 802 195 838 oum
212 786 328 838 veritate
344 786 482 838 dicusstur.
530 787 595 838 'alsa
612 789 705 852 enim,
728 787 809 857 plena
826 785 916 836 solent
933 800 993 835 esse
1020 780 1143 835 blanditi

128 856 217 924 [Haec
234 854 310 906 enim
331 855 451 907 libenter
467 855 633 921 audiuntur,
656 857 702 908 illa
724 870 790 909 vero
812 853 940 922 graviter.
974 852 1050 903 Hinc
1068 851 1143 903 Tere

126 924 181 974 tius
199 923 293 986 (Andr.
313 925 472 991 1,1,41.):
491 924 666 989 Obsequium
685 927 809 988 amicos,
825 925 933 974 veritas
952 922 1054 972 odium
1073 924 1143 987 pari

127 997 240 1049 -.26.
266 995 369 1044 Animo
397 992 484 1043 tauri
490 1015 500 1058 ,·
524 994 601 1044 omni
624 994 779 1045 intentione
838 991 922 1063 rcipe.
945 1015 981 1029 ···
1023 996 1069 1046 27.
1085 987 1143 1039 Nu

126 1071 252 1182 peterpm
266 1064 576 1182 Ιε,οοίιιηυἱμίἱνέκοτΙιδιιηιις
607 1062 774 1180 genereTliter
824 1061 870 1179 'cip
899 1058 1143 1179 prohipliituppffl

115 1147 197 1271 ,biii
215 1146 435 1265 pitilsiiasiilocrim
452 1136 1051 1268 [pltmppthppumupppippgnpgderpp
1062 1194 1116 1246 sibi

130 1266 215 1332 dest]
233 1291 267 1305 -
306 1276 350 1326 28.
368 1266 441 1319 Divi
461 1285 494 1319 ue
519 1268 700 1337 hominesque
724 1269 876 1331 canebant,-
900 1273 1019 1335 propter
1041 1265 1143 1315 Faunr

129 1346 159 1389 et
179 1344 260 1388 vates.
284 1363 319 1374 -
360 1342 404 1394 29.
432 1285 528 1389 tiresus
552 1355 647 1389 amare
671 1340 730 1401 tui,
755 1337 773 1387 i.
798 1354 820 1387 e.
844 1342 960 1403 propter
984 1341 1031 1393 te,
1054 1350 1089 1403 pr

126 1412 208 1456 tuum
230 1419 367 1456 amorem.
399 1403 471 1458 sina
493 1407 569 1458 inter
591 1411 636 1458 tui
661 1423 749 1456 causa
769 1405 846 1474 sesi,
870 1413 898 1456 et
915 1415 965 1453 tua
985 1418 1078 1452 eausa

18 1473 23 1478 '
128 1474 200 1526 baec
216 1473 344 1526 discretio
362 1482 417 1526 ests
442 1481 473 1525 ut
490 1477 534 1525 sui
551 1491 639 1526 causa
656 1484 723 1528 tuno
740 1475 877 1538 dicamus,
898 1472 922 1522 si
938 1471 1047 1542 aliquid
1062 1468 1115 1545 ipsi

127 1558 213 1662 paam
233 1541 387 1610 loquimur,
408 1544 642 1613 praestiterimus:
665 1552 696 1594 ut
719 1552 786 1612 puta
809 1545 854 1592 tui
878 1558 966 1591 causa
993 1552 1020 1593 ts
1044 1539 1143 1607 dese·

158 1628 194 1660 ua
212 1627 277 1661 vero
295 1627 383 1660 causa
401 1619 483 1677 tuno,
500 1627 565 1663 cum
582 1612 664 1667 alteri
680 1613 785 1681 aliquid
801 1611 913 1664 alterius
931 1606 1143 1679 contemplatu

34 1702 37 1706 ·
126 1687 309 1749 praestamus,
326 1687 356 1730 ut
372 1680 461 1750 [pute]
478 1693 527 1732 tua
543 1699 631 1732 eausa
645 1681 786 1733 bominem
800 1694 880 1730 tuum
895 1679 1020 1747 defendi.
1057 1676 1143 1743 Cap?-

128 1762 172 1801 tos
190 1750 333 1814 sanguine
339 1771 350 1811 ,-
374 1749 440 1817 quia
457 1751 576 1815 Venilia,
599 1759 691 1802 mater
707 1750 812 1815 Turni,
834 1763 914 1799 soror
931 1755 973 1798 est
988 1746 1114 1798 Amatae.
1134 1783 1143 1793 .

127 1826 172 1876 30.
194 1817 295 1868 Vincla
320 1820 417 1881 amnia
444 1822 524 1889 rupi,
549 1827 578 1872 et
600 1819 744 1888 religionis
767 1826 796 1873 et
818 1816 998 1868 loedoria-
1033 1821 1079 1873 31.
1097 1812 1143 1863 P:

127 1890 245 1938 missam
260 1888 355 1952 eripui
372 1894 488 1954 genem
505 1904 601 1940 verum
618 1895 666 1941 est.
699 1888 772 1938 Nam
786 1888 895 1938 Aeneae
912 1901 962 1955 per
979 1885 1086 1951 legatos
1100 1897 1143 1952 p:

124 1956 243 2010 miserat
267 1954 370 2020 liliam,
392 1957 438 2008 cui
462 1964 557 2024 postea
579 1956 673 2009 intulit
694 1956 806 2009 bellum.
853 1954 934 2005 Licet
955 1953 1042 2005 multi
1064 1952 1143 2004 tia-

127 2032 193 2078 ante
210 2039 275 2076 eum
292 2024 389 2074 Turno
406 2025 488 2078 fuisse
525 2027 688 2078 romissam:
705 2023 897 2094 quodfalsum
914 2032 962 2074 est.
997 2023 1074 2073 Nem
1089 2020 1143 2073 Las

124 2109 176 2146 nus
192 2108 337 2161 nunquam
353 2108 418 2144 earn
441 2102 482 2146 est
514 2096 595 2147 'urna
618 2095 762 2163 polliciuu.
795 2093 868 2143 Nam
885 2108 937 2143 nec
954 2092 1085 2142 Faunum
1099 2102 1143 2140 eu

60 2203 64 2215 .
126 2162 243 2226 suleret,
266 2161 371 2212 sieam
388 2162 484 2214 Turno
508 2171 572 2215 ante
596 2164 774 2231 promisisset
807 2159 861 2212 Sed
883 2168 994 2211 tantum
1019 2175 1088 2211 eum
1101 2170 1143 2209 eu

124 2247 260 2300 generum
278 2234 377 2282 Amata
400 2232 543 2300 cupiebat:
565 2232 748 2302 quodetiam
774 2231 892 2299 legimus
917 2233 968 2294 (7,
984 2226 1051 2290 56.);
1074 2225 1143 2293 Qut·

21 2328 25 2335 ¹
125 2304 205 2367 regia
223 2301 330 2352 tonius
347 2299 473 2367 Adiungi
491 2310 624 2368 generum
644 2304 715 2352 miro
741 2299 908 2368 properabat
925 2314 1030 2349 amare.
1049 2322 1085 2334 -
1112 2300 1143 2353 ἃ

125 2367 185 2436 Qui
210 2386 251 2420 me
277 2385 378 2431 casus,-
408 2379 517 2420 excusat
539 2371 682 2435 Turnum,
706 2377 737 2420 ut
759 2384 816 2419 non
839 2368 925 2438 ipsius
947 2382 1007 2417 esse
1028 2365 1143 2429 videatu,

124 2436 199 2506 quod
226 2438 312 2488 victus
336 2444 391 2488 est:
419 2438 467 2490 sed
491 2455 586 2502 suum,
615 2440 662 2507 qui
685 2454 764 2491 ausus
787 2439 879 2488 fuerat
901 2442 1000 2486 contra
1024 2444 1143 2502 genart!

123 2506 197 2558 bella
219 2506 369 2572 suscipere.
392 2531 426 2544 -
474 2514 517 2564 33.
543 2507 671 2572 Primus‚·
695 2505 859 2576 praecipuus
881 2507 958 2572 [ante
984 2500 1101 2566 omnen]
1119 2524 1143 2541 ···

124 2579 169 2633 34.
185 2574 237 2624 Bis
256 2591 359 2642 magna
383 2576 452 2626 victi
469 2593 581 2644 pugna;
603 2577 691 2629 semel
714 2591 779 2625 curn
801 2580 842 2624 est
865 2573 968 2623 occisus
991 2569 1143 2623 Mezentius:

122 2644 227 2696 iterum
250 2659 315 2695 cum
337 2642 443 2696 interiit
466 2645 590 2698 Camilla.
607 2673 641 2684 -
683 2650 725 2703 35.
749 2643 907 2711 [Recolent3
930 2654 982 2710 pro
1000 2642 1106 2702 calent,-
1125 2654 1143 2689 n

122 2712 199 2765 enirn
215 2712 355 2782 superflua
372 2729 435 2763 corn
456 2713 535 2766 esitio
553 2708 594 2766 est
610 2714 703 2775 verbi3
727 2721 776 2764 aut
793 2712 928 2773 recalent,
946 2709 1055 2760 iterum
1071 2707 1143 2759 ualeat

121 2781 241 2846 dixerat,
258 2797 363 2849 magna
380 2731 513 2850 quoius
529 2784 593 2834 victi
609 2800 717 2855 pugna
741 2798 769 2833 re
786 2780 864 2832 enim
881 2778 1036 2830 iterationis
1055 2776 1143 2828 obbae

49 2878 50 2881 ¹
78 2866 81 2871 ·
120 2850 227 2916 vicem,
248 2858 278 2902 et
302 2851 375 2903 bene
396 2851 585 2903 necessarium
604 2868 670 2904 cum
683 2859 757 2903 actu
779 2846 887 2911 refert]
904 2873 938 2885 -
980 2852 1024 2904 36.
1043 2847 1143 2909 Albent,

120 2919 261 2990 tuurpavit
276 2919 392 2972 verbum
410 2920 505 2986 aliea,
528 2923 613 2972 alben
630 2947 665 2960 -
705 2928 748 2976 37.
765 2919 886 2968 Insania
905 2926 1011 2978 mutat,·
1039 2914 1143 2966 insessis

120 2987 199 3040 enim
221 2996 276 3050 est,
299 2987 363 3038 illuc
386 2992 487 3039 reverti
513 2991 586 3042 unde
608 2982 650 3041 viis
674 2989 798 3042 evaseris.
817 3012 852 3023 -
893 2992 936 3042 38.
960 2984 1073 3051 [Sasiae
1094 2998 1143 3033 tt!

122 3057 233 3107 adscire
251 3058 387 3121 paratus3
409 3054 482 3109 bene
498 3075 557 3116 non
573 3059 674 3111 adiecit
690 3072 773 3126 quos,
790 3064 821 3106 ut
835 3055 939 3108 levaret
954 3050 1107 3116 invidiam]
1121 3072 1143 3089 ··

120 3129 164 3182 33
185 3124 282 3183 Toum
307 3125 389 3186 linio,
405 3141 549 3179 removeo:
567 3135 597 3178 ut
614 3130 657 3194 (8,
673 3123 763 3187 439.):
789 3125 892 3175 Tollite
911 3134 1029 3185 cuncta,
1057 3122 1143 3188 inquit

120 3219 156 3230 -
196 3196 241 3249 41.
264 3191 335 3244 Fors
360 3193 435 3244 dieta
459 3196 572 3264 refutet‚·
601 3194 772 3268 parenthesis
796 3193 892 3261 [quasi
912 3191 1096 3243 dissimulatio
1115 3205 1143 3241 se

119 3259 251 3325 remotio]
276 3261 358 3328 plena
383 3262 602 3316 abominationis.
621 3289 654 3302 -
688 3267 733 3319 42.
751 3260 871 3326 Natam,
895 3273 919 3311 et
943 3261 1090 3311 connubia
1107 3276 1143 3310 ns-

121 3342 180 3382 stra
197 3329 354 3398 petentem?
363 3331 572 3399 iniquissimum
588 3330 689 3402 [enim]
706 3339 761 3396 est,
778 3337 843 3383 eum
859 3328 944 3380 morti
959 3329 1097 3398 prodere,
1110 3342 1143 3397 qt

119 3406 198 3450 tuam
222 3397 387 3450 affinitatem
410 3409 526 3469 exoptat.
544 3431 580 3440 -
613 3407 657 3460 43.
674 3401 793 3466 Respice
819 3418 861 3451 res
886 3400 956 3449 bello
983 3401 1098 3459 varias,
1119 3412 1143 3447 nt

119 3484 186 3520 eum
202 3467 328 3536 ignaviae
344 3468 466 3520 videatur
483 3487 611 3538 arguere,
628 3472 760 3522 admonet
776 3467 866 3536 [euin]
880 3482 1009 3518 casuum:
1027 3474 1061 3519 ut
1073 3478 1143 3533 supet

120 3535 200 3598 (21.):
222 3537 310 3603 Atque
336 3555 430 3588 omnes
458 3552 620 3591 metuentem
646 3539 797 3606 expendere
822 3554 915 3586 casus.
932 3560 967 3571 —
1007 3539 1053 3592 44.
1078 3535 1143 3586 Met

120 3618 194 3656 stum
217 3609 310 3672 patria
329 3607 419 3657 Ardea
446 3608 528 3674 longe
551 3609 681 3673 Dividit,-
706 3608 790 3674 longe
815 3616 964 3669 moestum,
987 3605 1006 3655 i.
1031 3623 1058 3656 e.
1081 3603 1143 3655 valtis

119 3682 266 3726 moestum.
300 3675 374 3727 Nam
392 3677 474 3743 longe
493 3677 611 3741 dividit,
636 3693 693 3728 non
716 3675 849 3742 procedit.
883 3675 947 3723 Non
971 3673 1049 3724 enim
1067 3673 1143 3724 Ardet

120 3761 137 3796 a
154 3745 295 3795 Laurento
317 3744 402 3812 longo
419 3745 496 3798 valde
513 3746 624 3797 dissidet
647 3744 744 3811 spatio.
761 3771 796 3782 —·
837 3748 881 3801 45.
898 3740 1141 3809 [Haudquaquam

119 3827 312 3881 nequaquam,
337 3815 402 3882 quia
425 3831 508 3883 supra
532 3813 610 3883 (43.)
631 3815 750 3865 dixerat:
774 3811 854 3862 Ultro
881 3811 1098 3880 implacabilis]
1122 3835 1143 3847 ·-

118 3885 161 3939 45.
187 3883 350 3949 Agrestique
376 3883 525 3944 medenda3
552 3881 617 3934 inde
639 3882 729 3948 magis
754 3882 811 3933 eius
835 3880 982 3949 aegritudo
1006 3882 1143 3947 crescebat

119 3952 192 4004 unde
209 3967 238 4003 se
255 3949 282 4002 ei
298 3950 412 4003 Latinus
429 3951 588 4004 remedium
606 3951 735 4016 sperabat
752 3953 862 4002 afferre.
896 3949 1035 4001 Medenda
1053 3954 1143 4001 autem

118 4019 185 4073 dum
210 4020 236 4071 ei
258 4019 396 4074 medetsu.
430 4021 503 4072 Nasu
525 4019 642 4090 gerundi
665 4019 763 4075 modus
784 4025 829 4072 est
843 4036 869 4071 a
891 4018 997 4088 passiva
1019 4018 1143 4088 significa
