2430 4620
215 310 219 315 -
242 230 280 334 ni
302 222 462 336 iinon..
484 269 642 337 sucos.
658 271 713 399 ¹11,
733 274 865 347 s-17.
1015 277 1080 345 105

35 459 113 512 subito
136 456 240 524 dicu,
262 457 397 526 agrestia,
422 457 465 510 vel
487 457 648 510 insanientis
678 456 751 510 dicta
773 457 866 511 verba.
908 458 959 513 Vel
982 457 1079 512 incon·

39 531 94 594 dita,
117 529 138 580 i.
160 546 190 580 e.
216 527 419 596 inconscripta:
444 535 475 577 ut
491 524 632 578 Sallustius
649 528 680 581 in
696 528 875 596 Iugurthino:
899 527 998 579 Atelli
1016 533 1079 596 qui-

39 601 80 650 lus
97 600 186 648 vires
213 598 337 646 aderant
362 614 440 646 ruere
460 599 556 647 cuncti
572 597 609 646 ad
627 609 739 663 portas,
763 598 911 647 incondita
928 609 1027 650 tenere.
1045 625 1080 636 —

37 665 246 728 illumilium
264 666 312 734 qui
328 681 454 723 amorem
472 665 499 716 ei
514 666 700 734 praestabant.
735 658 864 716 iactabat
870 684 878 729 3
894 666 912 716 i.
928 685 967 732 e.,
983 668 1081 720 funde-

34 736 74 787 bat
94 736 260 787 incassum.
295 733 399 797 Inani5
422 749 490 800 prae
513 750 610 786 amore
634 734 704 786 nihil
720 734 773 785 sihi
790 750 957 803 procurans:
981 746 1079 789 contra
1124 750 1130 767 ¹

32 806 177 857 absentem
193 801 359 870 [iuvenem]
381 798 553 870 loquebatur.
577 829 612 841 -
659 809 684 862 6.
699 800 856 865 'Crudelis3
886 804 1079 856 inexorabilis:

48 873 73 923 ui
88 890 150 925 non
169 870 308 925 flecteris.
324 871 398 938 [meo
423 886 534 924 amore:
558 887 611 925 nec
632 879 661 924 te
684 872 850 939 potiundum
872 873 998 942 praebes.
1031 874 1082 925 Vel

23 936 235 1012 'ailayopaeaiss
268 931 395 998 Crudelis
413 940 514 993 Caesar
531 941 579 1008 qui
596 956 652 992 non
670 941 802 1007 flecteris]
819 945 889 992 meis
906 942 1028 1010 scriptis,
1052 951 1081 994 et

32 1027 82 1064 non
106 1013 160 1063 das
189 1016 306 1076 ereptos
328 1024 433 1077 agros„
451 1010 549 1070 Aleri;
572 1009 590 1059 i.
608 1028 632 1060 e.
650 1010 760 1062 Caesar.
803 1010 898 1074 Mori‚·
922 1026 989 1078 prae
1015 1026 1080 1067 con·

30 1086 153 1148 temptas
185 1080 267 1147 [quia
286 1077 422 1144 opprimit
440 1094 487 1130 me
506 1085 567 1128 tuus
586 1094 681 1129 amor:
706 1077 760 1143 vel,
778 1080 844 1147 quia
861 1077 918 1130 nori
935 1076 1081 1130 delectaris

36 1151 96 1202 meis
117 1146 332 1211 carminibus]
357 1173 389 1184 -
441 1153 467 1204 8.
491 1144 628 1213 Frigora;
658 1158 716 1198 non
741 1148 835 1220 aprica
858 1149 926 1199 loca.
975 1149 1096 1214 Aestus

38 1220 136 1271 satira.
151 1230 204 1255 -·
222 1221 261 1272 19.
278 1213 428 1281 Lacerius,
452 1231 536 1283 genus
553 1217 696 1284 serpentis.
713 1243 748 1253 -
781 1224 827 1273 10.
845 1216 1005 1283 Thestylis,-
1029 1232 1079 1268 no-

40 1303 99 1339 men
115 1285 250 1338 rusticae
275 1283 412 1349 mulieris:
442 1288 514 1352 quae
536 1284 704 1335 messoribus
727 1284 809 1336 aestu'
828 1286 950 1353 fatigatis¹
974 1287 1080 1337 diversa

37 1372 131 1424 genera
148 1353 316 1415 herbarum
334 1353 519 1416 contundens,
542 1352 760 1420 pulmentarium
776 1354 819 1404 his
837 1363 932 1425 parat:
956 1353 999 1419 vel
1015 1369 1080 1405 con-

36 1425 130 1478 cubina
148 1422 321 1490 Corydonis.
356 1421 405 1474 Vel
421 1421 568 1488 Thestylis,
584 1423 602 1473 i.
621 1440 660 1486 e.,
683 1421 787 1486 fictilis,
810 1425 945 1474 rusticum
963 1438 1081 1475 nornen:

33 1494 112 1546 utab
137 1509 176 1546 eo
203 1489 302 1560 [quod]
327 1499 414 1557 ponat
436 1491 532 1542 cibum
556 1491 672 1542 rusticis.
706 1490 817 1555 Ferus,-
840 1493 895 1560 [vel
917 1491 1015 1544 labore
1037 1492 1080 1543 vel
1158 1536 1160 1541 .

34 1570 114 1615 sestis.
149 1559 208 1611 Vel
220 1558 346 1628 fessis,]
370 1559 389 1612 i.
407 1559 630 1626 asserentibus,
654 1559 812 1611 vehementi
830 1562 929 1612 ardore
949 1560 1080 1628 fatigatis,

35 1627 383 1699 [vallaborisinstautia]
400 1653 435 1665 —
471 1633 514 1685 11.
530 1628 622 1692 Allia,
647 1630 870 1696 serpyllumque;
896 1629 997 1681 herbas
1015 1630 1079 1680 cali-

35 1701 93 1762 das,
123 1715 206 1768 quae
230 1706 340 1765 aestum
364 1695 510 1764 repellunt.
556 1697 646 1762 Nam,
670 1706 701 1746 ut
724 1699 810 1750 ctiam
832 1699 934 1749 Plinius
960 1697 1027 1748 dicit
1049 1699 1079 1750 iu

34 1767 164 1820 Naturali
189 1766 337 1821 Historia:⁴
361 1766 466 1816 Omnis
492 1766 647 1832 medicina,
679 1778 729 1816 aut
753 1772 770 1816 b
796 1770 956 1830 contrario,
986 1779 1036 1816 aut
1061 1786 1078 1816 a
1155 1803 1160 1823 -,

35 1840 126 1888 simili
144 1837 316 1903 quaeritur;
341 1835 414 1886 unde
437 1834 522 1886 etiam
548 1835 623 1886 calor
647 1842 737 1904 potest
753 1844 801 1887 aut
817 1838 936 1904 frigore,
960 1845 1008 1885 aut
1025 1835 1079 1887 alio

35 1907 124 1960 calore
144 1903 259 1975 depelli.
294 1901 364 1954 Hinc
379 1907 423 1956 ‘est
439 1901 513 1970 quod
530 1902 559 1953 in
578 1899 676 1954 ullirna
689 1904 802 1971 ecloga,
826 1921 892 1955 cuin
910 1912 1017 1954 amator
1035 1921 1079 1956 re·

36 1977 164 2028 medium
186 1971 299 2041 quaerit
315 1971 424 2036 ardori,
447 1969 528 2035 dicit,
552 1987 581 2022 se
604 1971 709 2023 iturum
735 1981 783 2023 aut
805 1974 840 2024 ad
857 1973 1010 2040 Scythiam,
1032 1980 1080 2023 aut
1124 1992 1127 1997 ⁹

35 2046 65 2096 ad
89 2041 285 2111 Aethiopiam.
329 2041 365 2090 Ut
388 2046 454 2107 (10,
477 2041 552 2103 68.);
580 2040 745 2106 Aethiopum
773 2058 915 2103 versemus
939 2059 1002 2092 oves
1026 2043 1078 2093 sub

36 2116 124 2165 sidere
136 2112 257 2177 'cancri
296 2107 432 2176 [Quarum
448 2106 597 2174 regionum
618 2109 712 2177 alterax
723 2117 766 2162 est
780 2111 975 2178 frigidissima,
993 2108 1080 2162 altera

33 2184 142 2236 lervens
161 2175 278 2242 calore]
310 2180 381 2231 Saue
399 2178 545 2245 serpillum
563 2177 650 2228 herba
669 2186 717 2243 est,
736 2179 865 2246 [quaein
883 2179 991 2229 Gracco
1010 2178 1080 2247 aspi·

32 2253 180 2304 rationem
198 2245 315 2311 habet,]
338 2263 424 2321 guam
441 2248 542 2298 Graeci
559 2243 691 2314 ἕρπυλλον
708 2247 816 2299 dicunt:
841 2235 871 2300 iri
889 2246 981 2299 multis
1003 2249 1079 2299 enim

35 2310 220 2383 nominibus,
234 2331 305 2383 quae
322 2315 352 2366 in
369 2316 478 2367 Graeco
496 2315 692 2384 aspirationem
709 2314 824 2383 habent,
840 2333 890 2369 nos
908 2334 959 2384 pro
977 2317 1085 2386 aspira-²
1133 2317 1136 2328 '

33 2390 111 2453 tione
128 2387 151 2437 S
170 2385 311 2455 ponimus.
352 2383 419 2435 Inde
444 2390 486 2434 est
509 2384 583 2452 quod
607 2400 658 2451 pro
681 2384 817 2450 herpillo,
840 2387 1002 2454 serpillum:
1027 2403 1078 2456 pro
1153 2424 1156 2429 -

34 2457 78 2523 ἐξ,
105 2474 176 2508 ser:
200 2446 356 2522 prolatari,
382 2465 491 2520 septem.
510 2480 544 2490 -
581 2460 622 2510 12.
640 2454 674 2503 At
692 2471 797 2503 mecum
815 2464 883 2516 etc.;
909 2454 975 2504 alsi
994 2456 1080 2524 perd

35 2527 137 2592 hierit,
163 2523 221 2576 erit
237 2521 424 2591 hyperbaton:
449 2529 479 2570 ut
496 2521 544 2572 sit:
568 2521 644 2572 Dum
661 2530 709 2574 tua
725 2523 812 2573 lustro
829 2524 956 2592 vestigia,
980 2525 1015 2575 ad
1033 2540 1080 2577 me

37 2597 153 2648 arbaasta
170 2597 319 2654 resonant,
336 2607 400 2640 curn
417 2590 508 2640 raucis
526 2590 634 2641 cicadis.
669 2591 722 2642 Sed
740 2591 837 2642 melius
855 2601 902 2656 est,
919 2601 950 2642 ut
965 2594 999 2642 At
1016 2598 1080 2644 coii-

35 2664 143 2716 iunctio
161 2660 214 2713 sit:
234 2667 263 2711 et
279 2659 318 2709 ita
334 2658 534 2726 intelligamus,
552 2658 685 2727 Thestylis
702 2659 802 2711 herbas
819 2662 897 2713 tritas
913 2661 1080 2712 messoribus

35 2739 144 2804 portat:
171 2744 271 2781 verum
296 2744 408 2779 mecum
426 2735 557 2779 resonant
573 2728 702 2793 arbusta,
730 2746 794 2779 cum
811 2729 903 2780 raucis
921 2729 1029 2780 cicadis.
1045 2754 1080 2766 -

38 2808 80 2860 14
107 2801 225 2852 Tristes
251 2799 440 2863 Amaryllidis
466 2799 544 2859 iras,-
575 2797 648 2848 bene
675 2797 750 2849 addit
779 2800 888 2862 tristes,·
917 2797 1081 2867 plerumque

37 2872 129 2937 enim,
162 2874 197 2919 at
219 2865 260 2918 ait
282 2866 442 2916 Terentius:
476 2868 638 2915 amantium
660 2868 736 2930 irae,
768 2870 876 2918 amoris
901 2869 1081 2934 reintegratio

39 2954 94 2991 est.-
120 2946 155 2988 ut
175 2951 268 2986 veram
291 2935 364 3001 iram
382 2933 555 2999 ostenderet,
576 2950 632 2985 non
655 2934 750 2986 fictam
771 2934 863 3001 illam,
887 2950 957 3002 quae
979 2935 1084 3004 aliquid

39 3009 147 3077 gratiae
174 3003 281 3056 babere
305 3003 450 3055 cousuevit
492 3003 569 3054 Unda
586 3004 730 3054 Horatius:
758 3001 822 3058 Urit
845 3017 928 3072 grata
946 3006 1082 3070 protervi.
1169 3000 1172 3005 '

40 3091 90 3129 aas,
108 3103 145 3112 -
186 3080 229 3130 15.
246 3072 369 3139 Superba
382 3071 525 3140 fastidia,¹
551 3088 584 3123 ex
607 3071 716 3122 fastidio
742 3075 818 3124 enim
842 3073 917 3125 venit
934 3069 1023 3127 omnis
1041 3090 1085 3124 su·

39 3146 149 3215 perbis.
187 3141 291 3192 Nonne
305 3139 466 3191 Menalcam
475 3146 492 3203 ‚·'
502 3148 558 3190 tres
575 3139 675 3192 dicitur
691 3158 797 3194 amasse
815 3142 957 3211 Virgilius:
974 3143 1085 3195 alexan-

41 3215 141 3282 drum,
158 3227 249 3279 quem
265 3210 375 3260 donavit
391 3209 418 3260 ei
434 3207 536 3262 Pollio:
562 3216 591 3260 et
608 3209 743 3263 Cebetem
760 3227 895 3278 puerum,
919 3228 984 3265 ciam
1001 3212 1086 3264 Leria

40 3283 149 3352 puella,
169 3295 240 3347 quos
258 3294 274 3327 a
286 3277 449 3329 Maecenate
466 3276 566 3328 dicitur
585 3277 729 3345 accepisse.
765 3280 842 3331 Unde
861 3280 955 3331 volunt
972 3282 1086 3348 quidam

42 3369 90 3422 per
114 3347 304 3418 Amaryllida,
325 3346 456 3399 Leriam:
482 3363 532 3415 per
554 3346 729 3410 Menalcam,
753 3348 894 3415 Cebetem¹
911 3347 1035 3418 iutelligi-
1052 3377 1087 3386 -

44 3429 85 3477 17.
105 3418 132 3472 0
151 3416 287 3486 formose
310 3433 398 3482 puer,·
423 3415 494 3467 liene
513 3414 585 3468 dicit
601 3415 726 3467 Donatus
750 3417 973 3487 suspendendum
998 3419 1037 3483 Ο,
1060 3425 1089 3471 et

42 3489 81 3540 sic
98 3485 268 3539 dicendum:
293 3484 425 3537 Formose
443 3501 528 3549 puer.-
553 3491 584 3547 ut
600 3483 801 3552 intelligamus,
818 3504 868 3556 per
885 3487 1006 3542 ironiam
1023 3503 1089 3539 eum

43 3555 118 3612 eliud
133 3554 260 3609 volsiisse.
279 3553 386 3618 dicere:
409 3552 457 3607 sed
480 3552 510 3606 in
535 3552 605 3606 haec
629 3551 728 3622 verba,
750 3573 787 3607 ne
803 3554 898 3611 Alexin
923 3555 1088 3624 offenderet,

69 3724 107 3777 14)
135 3727 178 3775 ho
192 3727 238 3763 irae
253 3725 275 3763 C.
289 3723 334 3770 ἶνας
353 3722 400 3760 dein
415 3722 483 3772 steph.
497 3724 551 3764 Dan.
566 3727 592 3775 el.
606 3727 753 3778 redintegratio
767 3722 784 3765 s.
798 3728 836 3770 iat
864 3727 887 3768 itt
901 3738 961 3767 vorsu
975 3726 1025 3768 Hor,
1040 3733 1086 3770 ures

126 3784 178 3822 lub.
188 3776 219 3820 Ὗ.
235 3795 254 3818 v.
269 3779 352 3819 Terent.
366 3779 421 3819 And.
436 3779 461 3824 3,
476 3778 502 3825 3,
516 3780 551 3820 23-
580 3784 630 3823 Hor.
645 3786 710 3825 earm.
725 3785 750 3829 1,
765 3782 800 3824 19.

69 3862 106 3917 15)
136 3865 225 3903 Len'am
240 3874 284 3898 csse
299 3860 394 3899 Alerr'um
409 3860 502 3899 Plotium
522 3861 628 3901 annotavit
643 3865 690 3903 Vos.
706 3864 751 3902 soll.
766 3864 844 3905 Donati
860 3863 909 3909 vita,
923 3884 948 3893 -·
976 3862 1010 3900 Ad
1024 3874 1044 3901 v.
1058 3861 1093 3907 16,

125 3920 217 3961 Mesric.
232 3919 286 3956 hanc
300 3917 379 3960 addidit
392 3923 472 3955 annot:
496 3919 596 3968 Qruemvr's
612 3919 649 3958 ille
663 3921 737 3972 nr'gem
754 3927 806 3968 etc.;
828 3921 880 3973 Quis
896 3921 969 3959 esem
983 3919 1093 3965 Romanos,
1155 3918 1159 3927 '

126 3976 234 4077 &aponius
254 3970 368 4027 Aegyptiaci
386 3973 470 4019 babuit,
494 3974 596 4025 Antonius
617 3976 673 4030 niger
694 3977 769 4020 dicitur
795 3984 878 4034 propter
896 3974 1018 4031 Aeyyptios,
1044 3987 1093 4033 quor

178 4039 217 4075 tut·
356 4073 359 4076 .
