2430 4620
240 317 274 356 m
299 292 457 354 rison,
479 291 640 352 osone.
662 250 694 364 ι’,
716 272 917 360 2182-220.
1033 298 1098 363 205

59 482 180 535 festinat.
216 478 297 547 Quod
314 486 410 529 autem
428 466 468 529 ait
486 477 614 543 Occidit,
632 477 667 528 ad
685 483 827 559 aspectum
843 483 968 527 nostrum
985 477 1099 528 rettulit.

59 553 132 602 Nam
159 555 237 601 ortus
260 555 288 598 et
304 563 415 599 occasus
438 547 492 597 duo
517 554 587 598 sunt.
630 547 704 596 Unus
729 541 853 612 ηλιακὸς,
873 545 897 607 i.
915 563 938 597 e.
961 543 1117 615 Sol[ar]is:¹.
1178 600 1180 609 Α

60 621 177 673 etalter
194 613 320 684 κοσμικὸς
338 617 354 679 i.
367 635 390 666 e.
403 616 567 667 mundanus.
603 615 681 666 Unde
698 615 729 664 fit
747 625 777 665 ut
793 633 827 683 ea
844 614 931 682 signa,
947 629 1098 681 quaecum

60 690 114 740 sole
134 689 280 749 oriuntur,
303 704 320 736 a
343 684 424 734 nobis
449 696 505 734 non
528 684 633 752 possint
657 684 756 747 videri,
779 690 807 735 et
824 701 857 735 ea
874 699 946 751 quae
969 682 1099 750 videmus,

60 766 197 828 quantum
215 755 252 806 ad
268 755 331 806 solis
351 753 489 804 rationem
514 754 650 820 pertinet,
674 748 825 803 videantur¹
838 752 978 802 occidere:
1001 767 1098 815 secun·

59 830 127 880 dum
147 824 320 891 quod-nunc
342 823 382 873 sit
399 821 512 872 Occidit
531 825 620 870 conis.
655 823 727 871 Nam
751 820 826 872 canis
848 820 1040 890 paranatellon
1057 827 1099 871 est

61 894 181 948 Cancri:
203 893 223 943 i.
241 909 265 943 e.
282 907 346 942 cum
364 905 397 943 eo
416 891 512 940 oritur.
548 891 656 943 Cancer
674 898 767 940 autem
785 904 840 957 quo
857 897 987 957 tempore
1005 888 1053 940 Sol
1066 890 1097 941 iu

61 966 156 1016 Tauro
181 969 236 1024 est,
261 969 322 1029 post
344 958 444 1011 horam
466 964 594 1025 quartam
618 958 673 1010 diei
698 959 793 1014 oritur,
839 958 912 1009 Nam
937 957 1044 1011 Taurus
1068 965 1097 1008 et

60 1029 175 1084 Gemini
199 1029 280 1082 binas
309 1027 391 1080 horas
414 1036 518 1079 tenent
564 1027 705 1094 [Nigidius
733 1028 933 1078 commentario
959 1025 1098 1093 Sphaerus

64 1102 274 1152 Graecanicae:
293 1097 379 1150 oritur
393 1097 469 1148 enim
484 1095 615 1147 Canicula
628 1111 692 1145 curn
705 1095 821 1160 cancro,
837 1095 867 1146 in
881 1097 1011 1148 columen
1024 1097 1098 1148 venit

10 1198 12 1205 ·
63 1187 128 1220 cum
145 1167 285 1231 Geminis,
310 1166 410 1216 occidit
426 1181 490 1215 cum
508 1163 634 1230 Tarum]
657 1165 695 1214 sic
714 1179 781 1231 ergo
798 1164 845 1229 fit,
868 1173 899 1215 ut
916 1164 999 1217 Canis
1016 1165 1097 1218 nobis
1124 1203 1127 1213 .

64 1236 176 1289 occidat.
214 1236 355 1303 Quantum
372 1242 465 1286 autern
482 1233 519 1284 ad
536 1231 604 1283 Solis
621 1233 740 1300 pertinet
757 1248 885 1297 cursum,
906 1233 936 1285 in
954 1241 1016 1285 ortu
1038 1251 1096 1289 esse

62 1308 193 1358 videatur.
235 1303 391 1354 Secundino
413 1303 487 1353 hanc
510 1303 649 1353 rationem
674 1301 760 1362 etiam
784 1301 865 1371 paulo
890 1309 950 1372 post
974 1301 1095 1355 dicturus

63 1384 116 1427 est:
138 1376 211 1425 Ante
235 1373 288 1422 tibi
306 1373 381 1423 ane
403 1371 552 1423 Atlantides
575 1369 785 1421 abscondantur.
819 1370 891 1420 Nam
909 1371 980 1422 ans
1003 1373 1043 1423 ait
1064 1372 1096 1423 ia

10 1456 18 1471 ¹
62 1455 123 1494 ortu
140 1442 258 1494 Heliaco
276 1441 390 1510 positas:
413 1436 486 1491 uude
510 1448 537 1490 et
554 1440 618 1490 Tibi
645 1437 846 1490 abscondantur
869 1439 970 1491 intulit.
1004 1442 1094 1508 [Hunc

63 1513 168 1563 Canem
185 1511 233 1562 alii
250 1509 321 1560 Icari
337 1517 436 1576 putant
452 1510 538 1575 patris
552 1509 699 1575 Erigonae,
716 1507 765 1574 qui
781 1515 903 1559 mortem
919 1508 1006 1578 patris
1022 1509 1096 1567 filiae

62 1580 210 1631 nuafiasit:
227 1579 279 1630 Alii
296 1578 371 1628 hunc
388 1594 445 1629 esse
462 1576 602 1645 quondam
616 1576 757 1626 custodem
771 1576 908 1644 Europae,
924 1594 1007 1645 quern
1019 1579 1096 1633 :sulla

62 1651 118 1700 fera
136 1648 230 1716 potuit
247 1650 386 1714 effugere,
408 1645 511 1714 quique
534 1663 550 1696 a
567 1645 691 1711 vulpibus
714 1644 856 1712 quondam
878 1646 1005 1711 liberarit
1021 1648 1096 1700 'l'he-

62 1717 116 1770 bas.
127 1745 164 1754 -
200 1722 263 1772 219.
281 1715 434 1766 Triticenm
454 1717 485 1764 in
502 1714 638 1778 Merum)
656 1714 691 1765 sd
708 1729 827 1765 messem
844 1714 944 1779 tritici,
962 1716 1003 1767 vel
1019 1733 1096 1785 sege-

62 1786 116 1852 tis.)
168 1784 350 1850 Robustnque
369 1784 473 1853 farra‚·
503 1785 658 1846 frumenta,
682 1800 752 1851 quae
777 1784 835 1851 plus
858 1783 963 1834 habent
986 1785 1095 1852 virium,

63 1850 147 1922 quem
171 1854 329 1922 legumina:
359 1864 419 1920 quo'
438 1859 564 1919 tempore
587 1851 673 1903 nobis,
690 1852 840 1902 Atlantides
865 1852 1006 1918 occidunt,
1030 1863 1095 1905 sunt

63 1923 185 1975 serenda.
219 1921 370 1973 Atlantides
388 1928 496 1982 autern,
520 1920 584 1970 licet
600 1928 705 1988 septem
729 1920 811 1970 fuisse
828 1919 968 1983 dicamur,
992 1938 1037 1973 sex
1054 1931 1095 1973 ta-

62 2009 125 2044 men
151 1992 240 2058 [sicut
265 2007 347 2060 supra
371 1989 457 2056 (136.)
481 1988 586 2038 dictum
609 1986 680 2052 est,]
704 1988 830 2038 videntur
855 1987 885 2038 in
909 1989 999 2054 coelo,
1022 2007 1095 2056 quae

61 2059 214 2112 Novembri
238 2076 332 2110 mense
349 2058 430 2109 nobis
454 2056 589 2127 incipiunt
605 2073 661 2107 non
679 2056 773 2107 videri.
808 2057 891 2122 [Cum
908 2058 983 2108 enim
1002 2057 1046 2111 Sol
1063 2062 1094 2117 in

59 2128 211 2198 Scorpione
228 2127 326 2192 fuerit,
344 2128 450 2178 oriente
468 2125 631 2192 Scorpione,
649 2125 749 2177 oceidit
765 2125 887 2189 Taurus,
910 2125 939 2176 in
955 2142 1010 2194 quo
1023 2118 1095 2183 Ver-

60 2198 141 2264 giliae
159 2204 238 2261 sunt,
254 2196 272 2246 i.
291 2215 314 2247 e.
332 2204 405 2246 serto
423 2195 485 2244 Idus
502 2194 678 2244 Novembris:
694 2194 769 2261 Ergo
786 2194 861 2245 ane
878 2211 961 2246 mane
978 2195 1094 2251 abscon-

60 2266 175 2332 dantur,
192 2281 248 2316 non
267 2272 307 2315 est
324 2267 400 2315 enim
417 2262 585 2314 Atlantidum
603 2263 744 2330 epitheton
762 2264 854 2326 ane,
870 2265 917 2315 sed
934 2265 1019 2329 ane,
1035 2285 1095 2320 ma·

59 2338 173 2386 tutinae.
208 2333 294 2383 Modo
319 2334 395 2385 enim
412 2349 538 2398 vespera,
562 2332 645 2382 modo
669 2331 761 2383 media
785 2340 880 2395 nocte,
903 2333 986 2383 modo
1008 2352 1092 2389 mane

61 2405 204 2466 oriuntur,
220 2402 293 2452 unde
310 2410 337 2454 et
353 2402 405 2452 tibi
423 2401 630 2463 abscondantur,
647 2400 665 2450 i.
683 2419 706 2451 e.
723 2400 872 2467 spectando
889 2419 941 2451 nec
959 2400 1092 2458 occident

60 2473 111 2522 Alii
134 2472 175 2523 ita
193 2479 347 2537 exponunt,
370 2471 440 2521 ans
457 2469 605 2538 appellatas
622 2470 699 2536 quasi
716 2486 787 2536 quae
811 2485 920 2538 semper
937 2487 1019 2525 mane
1038 2474 1092 2526 ori·

59 2549 150 2591 antur.
184 2540 261 2605 Ergo
278 2548 342 2590 ante
361 2538 485 2589 occidere
502 2538 638 2604 Vergiliae
656 2537 757 2589 debent
774 2554 858 2604 quam
875 2554 936 2590 sero
955 2540 1003 2604 sit,
1021 2538 1091 2608 quae

59 2607 198 2675 Vergiliae
222 2609 340 2675 alioquin
365 2615 427 2657 sunt
444 2608 518 2656 ane
542 2623 607 2655 eum
626 2607 766 2670 oriuntur,
789 2622 844 2656 non
866 2624 930 2658 cum
947 2609 1093 2676 occidunt.)
1156 2628 1162 2634 ·

59 2677 115 2728 Has
135 2685 232 2726 autem
252 2685 281 2726 ut
298 2676 342 2726 alii
360 2677 465 2739 volunt,
481 2676 562 2738 lovis,
587 2683 618 2724 nt
635 2675 695 2736 alii,
719 2675 814 2725 Liberi
830 2677 949 2726 nutrices
973 2677 1092 2742 fuerunt,

59 2747 104 2796 alii
129 2745 219 2812 [vero]
243 2745 313 2811 ipsas
334 2746 417 2794 fuisse
441 2753 565 2794 asserunt
581 2745 751 2808 Hesperidas.
768 2772 801 2795 -,
836 2751 897 2800 220.
915 2745 1090 2811 [Exercebiu

58 2831 107 2882 pro
126 2815 289 2865 exercueris.
325 2813 451 2879 dolisque
471 2815 592 2862 instabis
611 2815 726 2876 aristis,-
750 2829 806 2862 non
822 2813 1019 2880 leguminibus,
1043 2815 1091 2868 sed

58 2884 120 2934 solis
144 2883 290 2950 segetibus.
324 2883 467 2946 Instatis,
491 2892 542 2948 pro
565 2882 704 2932 institeris.
744 2882 847 2932 Arinis
855 2905 864 2947 ,·
889 2881 999 2949 ethic,
1021 2884 1092 2935 sicut

84 3099 140 3147 210)
169 3100 196 3137 G.
215 3099 328 3138 Atlantides
342 3121 368 3130 -—
382 3098 489 3148 aliquando
509 3111 545 3136 sex
565 3099 671 3144 videntur,
691 3100 797 3149 aliquando
817 3108 894 3149 septem
912 3101 934 3139 in
953 3103 1020 3150 coelo,
1040 3117 1091 3154 qnae

145 3159 203 3194 Nov.
216 3171 284 3194 mense
298 3156 395 3205 incipiunt
408 3170 448 3192 uon
463 3156 528 3192 videri
543 3169 553 3193 a
568 3157 638 3203 nobis3
658 3160 677 3195 si
691 3161 752 3195 tritis.
767 3160 788 3196 in
802 3172 860 3196 mesa.
875 3166 912 3195 etc.
932 3159 970 3196 hoo
985 3167 1051 3199 autem
1065 3164 1090 3200 V.

145 3216 179 3250 die
195 3214 352 3256 Novembrium,
372 3214 451 3262 quaudo
472 3213 544 3249 oceidit
563 3220 629 3250 taurus
651 3227 695 3250 eum
710 3213 767 3250 Sirio.
794 3217 901 3253 Aduersus
920 3215 977 3259 ideo,
998 3219 1092 3267 quoniam

144 3278 166 3307 et
182 3271 246 3314 canis,
268 3270 323 3307 cuius
338 3269 455 3318 posteriores
470 3271 530 3317 perles
545 3269 566 3305 iu
581 3270 662 3306 ansts-nli
677 3271 749 3306 circulo
764 3271 862 3308 brevitate
878 3286 912 3315 ea,
932 3274 976 3322 quia
992 3286 1036 3311 eum
1052 3289 1091 3312 ex-

145 3327 206 3364 tremi
226 3328 348 3375 procedunt,
374 3332 419 3361 ante
440 3326 539 3363 occidunt.
567 3338 613 3362 nam
633 3339 676 3362 eum
697 3327 756 3364 Canis
776 3327 838 3364 Sirius
858 3329 953 3367 adversus
972 3343 1009 3379 per
1028 3334 1091 3380 pedes

147 3384 233 3427 occidit,
253 3397 297 3419 cum
312 3383 376 3431 capite
392 3382 476 3426 oriatur,
498 3396 542 3418 cnm
556 3382 576 3420 in
591 3384 669 3433 eulmen
684 3383 773 3427 venerit,
793 3397 837 3420 cum
853 3386 942 3422 Geminis
957 3387 1030 3424 occidit
1044 3402 1090 3425 rum

146 3448 212 3478 tauro.
241 3441 343 3478 Adamans
358 3439 472 3484 (Athamas)
486 3439 545 3477 Aeoli
564 3439 615 3476 filius
636 3453 661 3477 ex
675 3441 770 3490 Nympha
784 3441 887 3490 Phryxum
903 3449 923 3478 et
936 3444 1014 3481 Heleon
1029 3446 1091 3492 (nel-

143 3499 188 3544 len)
202 3498 252 3533 tilios
266 3496 385 3544 procreavit.
412 3498 491 3532 luccam
506 3496 557 3543 (luo)
571 3495 642 3534 Dionis
656 3498 717 3535 filiam
731 3498 833 3546 coniugem
848 3500 916 3543 duxit,
937 3513 987 3549 quae
1002 3502 1027 3538 sd
1041 3515 1090 3550 per-

145 3554 219 3590 niciem
239 3553 341 3601 pignorum
361 3559 403 3590 sata
424 3551 463 3600 igni
483 3553 552 3589 uitiata
572 3553 709 3591 intercedebat
728 3555 754 3602 (l.
773 3555 923 3603 interserebat).
959 3557 988 3595 At
1002 3557 1029 3594 sic
1043 3571 1091 3595 eum

145 3610 204 3648 samis
219 3610 346 3652 increvisset,
362 3609 478 3645 subornavit
492 3623 535 3652 ees,
552 3610 585 3659 qui
598 3624 714 3660 responsum
729 3613 753 3649 ab
768 3612 863 3660 Apolline
877 3613 982 3661 petebant,
997 3621 1020 3650 ut
1034 3614 1091 3650 diee-

144 3674 193 3704 rent
211 3666 314 3716 Phryxum
334 3671 354 3701 et
374 3664 446 3702 Hellen
466 3665 603 3704 immolandos.
636 3669 688 3716 Ergo
709 3669 811 3706 Adamana
832 3669 955 3718 (Athamas)
974 3684 1019 3708 cum
1038 3670 1091 3707 filios

145 3723 337 3766 immolarentur,
357 3722 452 3771 Nympha
474 3730 537 3759 mater
557 3724 639 3761 arietem
660 3725 715 3762 aurci
729 3725 808 3763 velleris
822 3725 927 3764 iuvenibus
946 3726 1038 3770 immisit,
1058 3727 1091 3764 eui

143 3779 267 3823 insidentes,
288 3792 333 3815 curu
351 3791 388 3826 per
408 3778 470 3817 naaria
491 3779 601 3824 ferrentur,
621 3782 682 3818 Hele·
703 3783 778 3830 (Helle)
797 3782 818 3819 in
838 3782 911 3819 fretum
930 3783 1015 3827 decidit,
1035 3784 1090 3833 quod

145 3837 288 3884 Helispontum
304 3835 382 3871 rlieitm.
409 3836 501 3884 Phryxus
517 3837 600 3873 Colchos
616 3839 641 3874 ad
654 3851 719 3886 regem
734 3840 793 3876 etiam
813 3838 914 3887 (Aeetam)
933 3840 1034 3888 pervenit,
1056 3839 1091 3888 qui

148 3893 232 3929 arietem
246 3891 368 3933 immolavit,
388 3899 408 3928 ct
425 3892 505 3929 inluso
520 3893 690 3942 manumortis)
710 3896 782 3943 pellem
797 3894 930 3939 consecravit,
951 3909 1009 3944 quam
1022 3897 1090 3934 Draco

144 3948 228 3998 pervigil
244 3947 353 3986 custodisse
375 3949 453 3985 dicitur.
467 3969 492 3976 --
520 3950 574 3986 Idem
594 3957 675 3998 postes:
696 3953 748 3989 unde
769 3958 789 3988 et
807 3951 843 3988 tibi
863 3952 1022 3996 absconduntur,
1042 3952 1056 3989 i.
1071 3965 1089 3989 e.

144 4007 264 4044 matutinum
280 4017 371 4041 (recisum
386 4005 473 4061 faciunt,
493 4017 537 4046 tuus
552 4005 587 4048 Sel
606 4006 628 4048 in
641 4008 750 4060 Scorpione
769 4015 801 4050 cat
813 4008 860 4051 XV·
874 4007 922 4050 Ktl·
936 4008 1001 4050 Mais·
1016 4009 1088 4061 Vergi-

143 4063 185 4103 liae
198 4061 301 4114 oecidaat,
317 4061 351 4102 alii
363 4061 392 4101 ita
406 4069 443 4103 etc.
918 4075 921 4079 ’
