2452 4626
729 124 737 152 Ι

152 252 219 317 298
378 254 382 261 “
418 241 561 322 8ΕΒἮΙ
583 244 945 312 COMMENTARIUS

151 428 189 484 dd
204 428 287 483 mulie
303 430 396 497 iucoe,
418 429 456 483 de
470 431 553 484 erinis
570 445 665 500 verpus
686 432 769 501 [eiout
791 431 1115 500 iuheneide·(1,435.)
1132 432 1187 485 dixi-

147 517 229 567 mus,
250 499 412 570 pro]creari.
438 525 472 539 ·-
513 507 575 557 287.
594 500 699 553 Pellaei
726 501 852 568 Canopi,·
880 502 1015 570 Canopus
1036 503 1136 553 civitae
1157 510 1188 553 est

150 571 226 625 iuxta
248 571 458 635 Alexandriam,
488 585 574 637 quam
596 571 749 623 Alexander
773 571 896 622 condidit
927 573 1015 623 instar
1040 571 1187 639 chlamydis

148 655 229 692 auae:
253 641 301 707 qui
325 640 378 690 fuit
395 640 429 691 de
453 637 560 691 civitate
577 639 760 691 Macedoniae
786 657 857 707 quae
875 640 947 693 Pelle
965 640 1071 708 (steph.
1090 641 1187 708 Apella.

143 708 221 761 inan
247 717 274 760 et
298 707 377 759 codd.
402 708 529 759 nonnulli
554 709 687 777 Appello)
711 709 880 761 nominatur.
935 710 1072 776 Canopus
1099 720 1185 761 autem

67 786 71 795 '
148 777 223 830 dicta
241 784 282 829 est
299 777 377 844 qtrasi
396 779 537 840 canobus,
562 796 578 830 a
605 779 733 842 Canobo,
756 778 887 831 Menelai·
903 779 1112 847 gubernatore,
1137 778 1184 829 illic

146 846 261 918 sepulto.
283 872 319 888 -
366 853 429 906 289.
453 846 579 913 Faselis;
611 848 740 900 breuibus
770 847 917 912 naviculis,
945 847 1046 918 quibus
1078 856 1184 898 utuntur

146 931 215 969 curu
232 919 400 984 stagnaverit
425 915 510 967 Nilus.
529 940 563 953 -
598 923 661 975 291.
680 916 774 984 Nigro
792 916 934 986 fecundet
957 935 1065 983 arena5
1090 931 1182 969 novum

147 986 226 1039 enim
250 1002 359 1054 semper
382 985 484 1038 limum
506 985 607 1051 trahit,
630 986 678 1054 qui
701 986 786 1041 efficit
808 984 1015 1051 fecunditatem.
1051 985 1183 1054 [Lucanus

147 1059 190 1121 (4,
208 1056 292 1115 135.);
309 1054 371 1122 Sic,
388 1073 453 1107 cum
472 1067 544 1106 tenet
561 1055 657 1107 omnia
676 1054 764 1107 Nilus
771 1093 779 1121 ,
799 1054 965 1114 Conseritur
983 1055 1084 1107 bibula
1103 1055 1181 1105 Mem·

147 1122 238 1193 phiris
256 1120 355 1192 cymb'u
381 1123 510 1193 papyro]
545 1126 622 1178 Unde
640 1131 668 1176 et
685 1124 762 1175 Nilus
779 1124 867 1176 dictus
885 1131 926 1175 est
942 1125 1020 1193 quasi
1037 1127 1103 1177 νέαν
1120 1119 1179 1187 tlh,

147 1192 288 1259 (euelli.
314 1196 346 1244 in
369 1196 426 1246 eleo
454 1194 570 1258 mouit),
593 1195 612 1246 i.
634 1211 660 1246 e.
684 1194 798 1260 [novum
824 1192 1084 1269 limum],traheus.
1118 1194 1181 1243 Nam

144 1268 231 1313 antea
246 1263 323 1314 Nilus
341 1263 475 1329 (Goellh
493 1263 594 1327 ludus)
613 1262 713 1314 Latine
730 1261 806 1314 Melo
824 1262 976 1314 dicebatur.
991 1290 1026 1301 -
1047 1266 1126 1327 ⁴294.
1141 1262 1180 1310 la-

147 1333 188 1381 cit
205 1333 340 1382 salutem:
367 1335 436 1383 iacit
454 1349 503 1402 pro
522 1334 622 1395 habet,
645 1340 674 1385 et
690 1332 768 1400 ponit
785 1348 870 1401 apum
888 1333 1005 1399 (apium)
1022 1331 1181 1402 reparanda·

144 1415 212 1452 rum
229 1401 356 1453 salutem.
390 1402 489 1453 Cicero
507 1407 568 1470 (pro
585 1401 660 1452 Mur.
678 1404 732 1463 6.):
751 1400 832 1450 lecto
850 1413 918 1451 sunt
928 1401 1124 1470 fundamenta
1141 1400 1190 1449 dn.

140 1468 291 1539 fensionis
310 1487 395 1522 meae.
410 1496 446 1508 ·-
479 1476 542 1529 295.
559 1471 641 1536 Ipsos
659 1482 838 1535 contractus,⁸
862 1471 897 1521 ad
915 1470 1106 1521 sustinendum
1128 1476 1179 1520 tan·

144 1545 208 1599 tum
226 1547 254 1590 et
270 1540 454 1591 coartandum
478 1539 703 1595 boviscadaver.
720 1566 755 1578 -
795 1544 857 1596 296.
874 1539 1051 1608 Augustique
1071 1540 1178 1590 imbrice

146 1609 227 1670 tecti}
250 1608 317 1659 licet
335 1616 363 1660 et
380 1608 426 1659 bic
448 1611 558 1681 ,imbrex
576 1609 678 1676 (Guelf.
694 1609 715 1660 1.
733 1609 775 1661 bis
795 1608 911 1671 imbria)
935 1606 1041 1660 lectum
1056 1608 1107 1672 cit,
1129 1624 1179 1658 me·
1212 1638 1222 1689 4

144 1675 198 1728 lius
222 1685 320 1729 tamen
341 1678 494 1729 secuudum
518 1679 646 1729 Plautum
670 1677 738 1728 boec
764 1680 871 1729 imbrex
894 1677 1027 1730 dicimus:
1056 1677 1177 1746 Namque
1219 1728 1222 1735 ,

143 1745 187 1801 ait
203 1745 274 1812 (Mil.
291 1747 327 1813 gl.
344 1755 377 1810 2,
394 1753 428 1813 6,
444 1748 514 1809 24.):
538 1747 665 1813 bregisti
682 1749 814 1798 imbrices
834 1764 909 1797 mens
927 1747 1006 1796 Dum
1025 1759 1050 1797 te
1069 1748 1178 1814 dignam
1219 1770 1222 1775 ·

145 1818 265 1877 rectoris
282 1819 407 1867 simiam.
425 1844 458 1854 -
492 1823 555 1874 298.
574 1816 700 1883 Obliquu
719 1818 780 1868 luce
793 1817 955 1886 fenestrasp
980 1832 1053 1884 quae
1071 1832 1102 1867 ex
1120 1814 1179 1865 obli·
1218 1852 1222 1881 .·

144 1899 208 1953 quo.
225 1885 321 1936 lumen
346 1885 511 1948 infundunt,
534 1893 566 1936 ut
589 1887 618 1937 in
641 1887 748 1938 horreis
774 1888 923 1938 cernimus.
940 1911 973 1922 —
1009 1892 1072 1943 301.
1090 1884 1177 1934 Multa
1216 1908 1222 1917 ·

147 1954 314 2014 reluctanti;
338 1971 389 2023 pro
407 1954 548 2018 Multum,
565 1971 677 2015 ‚nomen
695 1963 737 2006 est
753 1971 803 2025 pro
821 1954 961 2007 adverbio.
979 1980 1012 1990 -
1049 1961 1112 2011 302.
1128 1952 1178 2003 Sol·

132 2036 252 2081 ιιιιιηειιν
269 2026 378 2076 viscera
396 2025 512 2090 pellem;
538 2023 692 2092 liquescunt
708 2032 738 2076 et
753 2026 912 2094 putrefiunt.
929 2051 963 2060 -
998 2029 1061 2082 303.
1078 2022 1179 2072 Remea

63 2088 66 2095 ’
140 2091 324 2163 frugmeura5
348 2093 438 2145 fracta
454 2094 488 2146 de
505 2095 606 2159 ramis,
628 2092 647 2144 i.
664 2111 688 2146 e.
704 2110 852 2146 ramorum
874 2092 1025 2162 fragmina.
1060 2091 1179 2142 Dicimur

139 2174 240 2214 autem
256 2171 285 2215 et
302 2163 347 2212 bic
368 2180 465 2215 ramur
483 2170 511 2214 et
528 2162 586 2214 hee.
606 2164 719 2215 romule.
753 2162 861 2215 Persius
885 2166 927 2229 (l,
944 2163 994 2224 3.)=
1022 2160 1059 2211 Ut
1083 2157 1177 2230 (Rei)
1216 2174 1222 2193 ·-’

141 2233 252 2284 ramale
277 2243 364 2281 vetus.
400 2232 555 2298 Cariaeque
580 2244 717 2296 recentes,
741 2234 835 2285 statim
859 2240 961 2300 captas.
978 2258 1011 2268 -
1049 2233 1111 2289 305.
1126 2231 1178 2281 Ze·

139 2299 244 2368 phyris
267 2303 391 2367 primum
426 2302 635 2368 impellentibus
661 2305 772 2367 undas,-
804 2301 973 2369 [incipiente
997 2298 1107 2365 unda,]
1129 2299 1179 2350 vult

143 2370 198 2421 hoc
216 2369 266 2419 sub
284 2384 413 2421 occasum
430 2370 530 2421 hiemis
548 2370 616 2421 fieri.
629 2397 664 2408 -
699 2379 760 2430 308.
780 2370 898 2423 Teneris
916 2369 1071 2438 tepefactus
1090 2373 1122 2420 in
1141 2386 1177 2420 os·

145 2441 223 2490 sibus
241 2436 358 2502 humor,-
381 2447 476 2510 utpote
494 2439 563 2490 bimi
581 2439 672 2504 vituli,
694 2441 724 2492 in
743 2458 798 2509 quo
814 2441 973 2510 ⁴plurimum
995 2439 1129 2490 ferventis
1145 2443 1180 2490 est

138 2501 292 2576 ,eanguiriia
316 2533 350 2544 -
392 2515 453 2566 309.
482 2508 604 2559 Visenda
637 2511 730 2561 modis
755 2510 897 2561 animalia
924 2511 1025 2571 miris,-
1059 2515 1088 2560 et
1111 2506 1178 2576 quod

143 2593 175 2631 ex
192 2576 325 2628 cadavere
342 2586 491 2631 nasrnrntur
508 2578 654 2642 animalia,
681 2588 709 2630 et
732 2580 807 2647 quod
823 2594 889 2647 aper
913 2593 945 2628 ex
963 2577 1105 2629 vermibus
1123 2592 1179 2646 pro·

144 2653 283 2699 creantur.
301 2671 335 2682 -
370 2652 432 2704 310.
452 2646 566 2709 Trunca
589 2650 708 2714 pedum5
731 2650 750 2701 i.
768 2667 792 2701 e.
816 2649 875 2698 siue
901 2647 1025 2716 pedibus.
1060 2647 1097 2698 Et
1114 2646 1180 2698 bene
1218 2698 1222 2721 Ι

46 2715 59 2743 ”
144 2713 251 2770 addidit
272 2717 373 2782 primo.
408 2717 481 2768 Nam
505 2726 598 2787 postea
623 2725 681 2768 tam
705 2713 809 2788 pennae
827 2732 911 2785 quam
935 2714 1018 2786 pedes
1037 2715 1178 2786 accipiunt
1215 2724 1222 2773 ς

143 2785 250 2838 Pennis
275 2787 430 2836 miscentur
437 2809 446 2851 ,·
476 2786 551 2838 inter
574 2801 603 2836 ae
633 2795 790 2856 pennarum
813 2784 923 2838 levitate
948 2785 1124 2837 conveniunt.
1147 2809 1178 2821 -
1219 2824 1222 2849 2

41 2902 49 2921 ,
138 2860 205 2916 315.
229 2853 369 2919 Excedit5
399 2855 518 2909 studiose
542 2857 674 2924 repperit.
698 2883 732 2892 -
780 2860 841 2912 316.
867 2855 1034 2920 ingressum
1063 2851 1178 2907 exordia.
1219 2858 1222 2901 l

139 2923 243 2992 ¹(codd.
259 2923 355 2974 Burm.
371 2932 401 2974 et
418 2924 509 2976 Guelf.
526 2926 559 2976 ΙΙ.
582 2925 754 2991 ingressum,
778 2923 940 2984 exordium.)
976 2923 1061 2991 [Nam
1079 2931 1120 2975 eet
1134 2938 1177 2973 ac·
1220 2950 1222 2957 ·

139 2999 226 3055 curat.
243 2991 325 3062 plan]
359 2991 441 3045 Noua
458 2995 647 3065 experientia,-
664 2995 739 3045 nullo
756 2993 888 3057 docente,
904 3008 949 3044 arr
967 3009 1020 3060 per
1040 3008 1121 3044 urum
1137 3008 1178 3042 re·

141 3069 282 3135 perta-
316 3068 377 3118 317.
399 3062 511 3123 Pust0r3
535 3062 680 3114 aristaeus.
714 3063 798 3114 Filius
821 3062 875 3113 fuit
896 3061 1031 3131 Apollinis
1053 3070 1083 3114 et
1099 3062 1178 3130 Cyre·

142 3148 206 3194 nae,
229 3128 302 3181 filiae
319 3126 416 3195 Penei,
440 3131 564 3183 fluminis
581 3131 751 3183 Thessaliae:
774 3131 823 3200 qui
846 3146 911 3181 cum
928 3131 1087 3198 Eurydicen
1104 3146 1178 3198 nym-

142 3201 229 3269 pham
246 3213 361 3250 umrem
380 3199 485 3269 Orphei
503 3196 600 3252 vitiare
617 3201 758 3266 voluisset,
781 3207 809 3252 et
826 3199 873 3251 illa
889 3199 1000 3267 fugiens
1019 3216 1037 3249 a
1054 3207 1177 3270 serpente

141 3269 238 3324 luisset
255 3267 360 3333 occisa,
383 3268 577 3337 Nympharum
593 3269 737 3321 iracundia
755 3270 858 3320 cunctis
876 3267 1044 3321 animalibus
1068 3268 1176 3341 perditio

140 3337 264 3395 funditus
282 3343 312 3387 et
325 3338 432 3393 ¹cunctis
451 3339 563 3411 apibus,
587 3339 684 3390 matris
707 3336 866 3406 imploravit
888 3335 1030 3390 auxilium.
1050 3368 1085 3379 -
1120 3342 1177 3394 319.

143 3406 270 3459 Extremi
288 3408 396 3464 omnim
412 3407 431 3459 i.
448 3410 473 3460 'e.
489 3408 600 3471 summi,
617 3407 689 3460 unde
707 3407 836 3468 nascitur,
855 3413 882 3457 et
898 3406 937 3456 sic
955 3407 1090 3470 dicimur:
1109 3406 1176 3459 Proh

144 3492 270 3546 supreme
288 3474 428 3542 Iuppiter,
452 3475 470 3528 i.
488 3494 511 3528 a.
528 3492 647 3529 summe.
664 3503 698 3513 -
733 3482 795 3534 321.
812 3474 905 3526 Mater
924 3474 1047 3543 Cyrene,
1076 3490 1176 3540 meten

142 3545 308 3601 invidiosum
332 3549 373 3594 est
393 3545 507 3597 nomine
530 3553 660 3612 parentes
685 3543 775 3612 (codd.
791 3543 886 3596 Rurm.
909 3547 1050 3610 parentis)
1075 3565 1177 3600 vocare.

142 3616 221 3669 Unde
238 3621 280 3668 est
301 3612 384 3685 poulo
407 3621 482 3680 post:
505 3613 542 3666 Et
558 3627 588 3667 te.
600 3616 741 3668 crudelem
760 3614 874 3687 nomine
892 3615 972 3666 dicit.
1004 3614 1050 3668 Sic
1067 3617 1099 3671 ia
1115 3618 1175 3671 duo·
1215 3683 1221 3690 ἱ

169 3805 222 3858 296)
249 3807 319 3846 uun.
333 3803 440 3844 imbricem
453 3800 536 3854 quidem
549 3802 622 3843 volunt
635 3811 722 3851 tectum,
741 3804 823 3857 quidam
836 3805 938 3853 canalem,
959 3821 999 3859 que
1012 3811 1120 3861 repellitur
1131 3811 1175 3863 pla·

228 3864 268 3903 via.
297 3861 377 3903 Imbrex
391 3867 459 3900 teman
473 3858 557 3905 dieitur,
572 3860 627 3910 quod
639 3860 723 3901 imbrem
738 3870 816 3903 rroeet:
834 3862 883 3903 lieet
897 3871 934 3903 ete.
948 3864 974 3898 '-
1002 3868 1026 3905 In
1040 3881 1102 3908 vei-,u
1115 3868 1175 3909 Plauti

227 3921 287 3960 codd.
300 3922 369 3960 Burni.
383 3924 405 3956 at
418 3916 486 3959 Guelf·
499 3917 523 3954 Π·
542 3914 619 3956 dicim
638 3931 676 3967 pro
691 3921 777 3972 dignam
791 3927 812 3959 et
825 3923 850 3961 V.
864 3923 924 3962 rimie
936 3936 974 3973 pro
988 3925 1078 3965 nimium.
1092 3950 1118 3960 -
1144 3926 1174 3966 Ad

192 4002 194 4009 ,
229 3991 250 4017 r.
262 3976 312 4018 299.
325 3979 394 4016 unm
414 3977 470 4015 Bina
483 3978 535 4021 ete..
553 3973 624 4015 eeuue
638 3974 725 4016 biennii:
744 3978 809 4019 bimur
829 3991 915 4032 neuqua
935 3980 1076 4034 (triumque),
1096 3984 1176 4026 biennii,

229 4034 355 4087 manusque
369 4030 449 4073 dieitur.
1212 4044 1215 4050 1
