2430 4620
116 298 140 361 6
197 336 201 343 .
341 321 346 331 ·
382 290 521 355 suurn
544 284 905 354 COMMENTARIUS

120 476 227 541 laudet,
249 476 340 546 potius
412 494 442 529 m
459 478 607 530 miteratm
623 476 772 539 extinctos,
797 482 829 524 ut
845 469 1043 541 praesentium
1060 490 1082 522 ai

122 546 152 599 in
169 545 241 598 bella
256 563 355 599 suocen
375 556 410 598 nt.
429 549 553 617 [Homer.
568 544 700 615 iptllpoor
718 539 816 613 ψυχάς.
851 541 934 610 Quae
951 545 1082 609 sanguin

125 616 168 666 eu
187 614 261 665 hano
278 620 417 682 patriam,
440 617 582 685 eleganter
604 625 633 668 et
654 616 708 668 hoe
732 611 857 665 ‹tretorie
880 611 917 663 ad
941 610 1082 662 erhortati

122 683 295 735 audientium
312 696 454 756 sumptum
471 693 526 748 est,
549 700 617 737 uem
641 684 702 737 laur
723 683 924 735 detunctorum
946 680 1082 731 viveritim

124 751 245 813 hortatio
262 761 317 818 eet,
338 765 366 807 et
386 756 456 807 bene
472 756 597 818 portiom
615 754 670 819 ait,
690 760 828 820 tanquam
844 748 979 801 fiduciam
995 748 1074 829 perit

125 820 230 872 vicerit.
264 822 335 874 Sane
351 840 416 874 cum
431 824 561 874 hortatur
576 824 664 873 socios
687 832 719 887 ut
735 837 764 871 se
800 819 907 871 lientm·
923 816 1023 882 ooein,
1044 817 1082 888 ips

124 888 226 941 tunnis
242 891 315 942 velut
331 891 500 961 Epitaphiou
517 891 602 958 dixit]
619 918 654 929 -
690 898 734 947 27.
780 906 842 940 uem
860 903 922 938 non
945 887 1065 938 virturis

126 969 195 1021 tem,·
213 958 296 1011 Ennii
313 975 405 1010 versus
422 969 471 1012 eet.
507 960 649 1028 [Egentem
667 975 734 1010 eane
750 973 801 1010 uos
818 955 942 1009 ablnmo
956 953 1082 1022 iungimu

126 1030 170 1082 28.
187 1024 295 1077 Funere
314 1032 410 1080 mersit
429 1030 525 1080 acerbo
534 1053 543 1091 ,-
559 1029 670 1091 acerbo,
685 1029 856 1090 imtmturo,
871 1022 1015 1077 transterit
1029 1039 1047 1073 a
1065 1041 1082 1091 p

126 1119 162 1132 ··
195 1101 239 1157 31.
263 1094 323 1162 Qui
346 1095 498 1149 Parrhasio
524 1097 676 1159 Euendro;
707 1095 826 1148 Arcadio
849 1109 868 1145 ι
890 1092 1002 1145 civitate
1025 1093 1082 1142 hro

127 1177 212 1230 quam
237 1163 360 1217 Donatus
384 1167 440 1218 vult
463 1183 478 1216 u
521 1168 605 1217 arrha
629 1168 672 1219 avi
694 1164 805 1231 (Guell.
821 1165 843 1215 1.
866 1181 885 1212 e
901 1160 1026 1228 perum)
1048 1159 1082 1209 dn

127 1231 202 1298 quod
224 1233 362 1302 procedit,
385 1237 407 1285 ri
431 1184 534 1314 punga
551 1235 653 1301 (Guelf.
671 1235 692 1285 1.
708 1236 740 1286 Π.
765 1232 866 1298 parre)
887 1245 993 1282 nomen
1019 1237 1082 1280 est⁴

128 1310 206 1350 eum:
223 1302 245 1351 ti
262 1309 357 1353 autem
373 1303 505 1355 Latmum
522 1313 571 1369 eet,
586 1304 668 1354 stulte
684 1304 777 1359 sensit,
810 1302 883 1352 Nam
898 1298 1045 1349 Graecum
1064 1315 1082 1348 n

126 1368 323 1437 etymologiam
341 1371 471 1424 Latinam
497 1388 554 1424 non
571 1373 680 1443 recipit.
712 1371 778 1441 [Atii
794 1369 864 1421 lovis
879 1366 969 1421 filiurn
984 1366 1082 1417 Perrh

126 1434 221 1489 dicunt
237 1440 284 1508 qui
300 1438 399 1492 hebuit
414 1442 550 1494 Arcadem
567 1440 670 1503 filium,
691 1457 725 1492 ex
749 1454 805 1507 quo
828 1438 922 1508 primo¹
937 1434 1082 1487 Parrhasii

126 1504 343 1560 Arcades'dicti
365 1520 437 1561 stmt
477 1512 547 1561 Sane
575 1510 713 1561 Arcadum
744 1524 849 1576 genera
879 1506 996 1558 tucrum
1025 1521 1082 1573 qua

126 1572 351 1640 Parrhasiorum,
367 1577 582 1642 Moenalioruru,
597 1581 764 1641 Annorum,
779 1574 1001 1643 Cynaethornm.
1034 1573 1082 1623 Ali

127 1639 233 1696 Eranas
249 1646 373 1709 (Aenos)
397 1653 425 1698 et
442 1648 579 1714 Cythenos
595 1646 775 1715 (Cynaethos)
797 1645 848 1697 sed
863 1646 972 1696 manee
995 1648 1024 1692 et
1042 1643 1082 1708 Cy

128 1706 230 1763 dictmt
246 1716 260 1744 *
275 1740 311 1752 ·-
345 1723 389 1770 32.
406 1713 547 1767 Felioibus
565 1732 665 1781 eeque;
687 1714 753 1766 hinc
769 1730 828 1766 uon
844 1711 962 1765 felidter
977 1725 1082 1776 compa

127 1778 176 1829 seu
200 1788 232 1830 ut
248 1789 288 1832 est
309 1781 376 1833 illud
393 1782 437 1847 (G.
455 1792 487 1848 3,
504 1789 593 1845 513.)τ
616 1783 670 1834 Dii
688 1785 805 1843 meliore
822 1785 902 1850 plin
926 1780 1077 1848 nou·quia

128 1846 202 1899 bona
226 1858 303 1914 sunt,
328 1851 376 1902 sed
402 1852 473 1903 bone
495 1851 592 1919 optat]
609 1877 643 1890 -
678 1859 721 1909 33.
739 1852 818 1915 Ibat,-
842 1866 896 1921 pro
914 1850 993 1902 ieret.
1025 1848 1080 1897 Δία

130 1917 266 1968 alumnus
288 1927 341 1982 est,
366 1920 414 1986 qui
438 1922 545 1973 Graece
569 1916 703 1989 τρόφιμος
727 1920 844 1973 dicitnr:
873 1918 950 1990 quod
972 1933 1077 1970 nomen

130 1981 261 2037 Latinum
278 2003 333 2038 uon
352 1997 407 2052 est,
431 1996 461 2040 ut
478 1991 513 2038 ah
531 2005 564 2041 eo
583 1992 657 2058 quod
681 1998 723 2042 est
747 1990 887 2053 nutritor,
908 1987 1082 2041 inveniamus

127 2050 177 2119 ‘qui
196 2058 322 2106 nutritus
340 2068 392 2117 est,
414 2059 524 2109 transiit
541 2059 576 2110 ad
594 2075 697 2111 nomen
714 2058 803 2119 aliud,
828 2065 858 2109 et
875 2057 1028 2108 alumnum
1045 2055 1082 2104 d'u

130 2128 173 2180 35.
192 2122 298 2175 Iliades
316 2127 419 2175 crinem
440 2128 471 2177 de
490 2145 564 2177 more
583 2130 708 2190 solutae,-
732 2127 782 2177 has
799 2128 909 2178 Aeneae
925 2123 1069 2177 ancillulas

128 2188 247 2259 ligimus.
280 2194 353 2244 Nam
372 2195 634 2314 omuesphonestas]
650 2205 770 2259 matres,
785 2195 841 2246 hoc
857 2203 900 2246 est
915 2193 1048 2244 mulieres
1065 2209 1082 2242 n

130 2259 159 2309 in
176 2258 269 2312 Sicilia
290 2264 454 2314 remansisse
490 2265 552 2329 ixit,
575 2273 689 2335 excepta
706 2264 819 2332 Euryali
842 2271 949 2327 matre,
972 2261 1082 2330 deque

131 2343 192 2378 mut
211 2333 362 2393 (9,417.)τ
386 2330 465 2397 Quae
489 2345 513 2382 te
539 2335 599 2385 toln
624 2352 694 2401 puer
711 2336 799 2383 tontis
817 2349 832 2382 e
850 2333 995 2383 matribus
1013 2347 1082 2380 oure

132 2397 280 2462 sequitur?
315 2400 438 2466 [crinem
457 2409 549 2454 eutem
567 2404 693 2466 solutae,
708 2402 837 2469 figurate,
855 2407 887 2451 tlt
903 2407 940 2468 (7,
957 2398 1045 2459 503·)=
1064 2397 1082 2446 f

20 2530 23 2537 .
131 2482 265 2533 percussa
290 2468 427 2533 lacertos]
444 2497 480 2509 -·-
514 2477 558 2528 36.
577 2470 612 2520 Ut
629 2490 693 2523 uero
713 2474 823 2521 Aeneas
849 2477 917 2532 etc.;
940 2467 1070 2520 naturale

132 2541 186 2598 eat,
204 2543 234 2584 ut
250 2535 407 2588 intermissa
423 2538 545 2590 lamenta
562 2548 739 2606 repetantur,
755 2555 823 2589 cum
840 2539 879 2590 ali
900 2538 942 2589 uis
959 2544 1042 2588 notus
1059 2552 1082 2586 ut

131 2602 176 2655 rit
212 2602 256 2654 Sic
279 2605 308 2655 in
333 2606 435 2657 Statio:
458 2608 586 2676 ingressit
604 2609 717 2660 ducibus
734 2608 825 2661 denuo
843 2554 966 2659 delletur
984 2605 1082 2655 Arche:

131 2670 241 2737 [tTheb.
259 2677 285 2736 6,
302 2674 369 2735 37.):
395 2675 465 2726 Mor
484 2688 514 2724 nt
539 2679 688 2729 morientia
706 2678 807 2744 dignis
827 2676 972 2726 Vultubus
991 2673 1082 2722 Inoch

134 2751 280 2789 netrarunt
297 2744 399 2793 limina
419 2758 510 2812 reges,
527 2762 576 2795 eeu
596 2763 668 2796 novo
686 2758 754 2796 tune
772 2746 882 2808 clades,
900 2755 925 2794 et
942 2744 1036 2810 primo
1055 2759 1082 2791 se

134 2807 233 2879 t'nfnns
256 2808 392 2876 Vulnera,
409 2813 557 2882 letalisque
577 2816 743 2881 irrumperet
760 2817 836 2865 atria
855 2829 987 2879 serpens,
1011 2810 1060 2861 sic
1080 2843 1082 2858 .

133 2892 165 2926 ex
183 2879 250 2941 olio,
268 2896 436 2948 quamquam
449 2884 555 2933 lassata
568 2882 809 2951 fragorePectora
820 2883 1033 2949 congeminant,
1053 2882 1082 2929 in

133 2955 213 3013 toque
227 2950 364 2999 resultant
378 2951 498 3001 Accenso
513 2951 744 3021 domonstres]
757 2978 791 2989 -
823 2958 866 3008 39.
884 2950 972 3004 Nivei
980 2949 1082 3018 fultun

134 3012 236 3078 lontis;
254 3017 309 3068 late
321 3025 397 3089 patet
407 3018 460 3069 hoc
473 3019 624 3089 epitheton.
659 3021 774 3072 Referri
787 3021 863 3072 euim
876 3027 969 3090 potest
982 3019 1060 3069 etad
1074 3035 1082 3068 t

134 3095 195 3133 rem
212 3085 343 3152 pristinae
360 3086 579 3154 pulchritudinis,
596 3089 674 3140 etad
691 3089 828 3157 pallorem
845 3106 885 3149 ex,
894 3095 988 3141 morte
1006 3088 1082 3139 venit

43 3159 50 3176 ·
134 3149 183 3218 [et]
201 3152 236 3203 ad
251 3154 339 3221 frigus
356 3154 429 3222 quod
446 3157 591 3225 proprium
608 3165 787 3210 mortuorum
804 3165 860 3209 est:
883 3164 915 3208 ut
933 3159 977 3223 (6,
995 3156 1082 3218 mul:

135 3236 241 3285 pusque
272 3223 371 3273 levent
400 3225 519 3290 rigentis
549 3238 574 3275 et
599 3239 719 3295 ungunt.
743 3253 779 3266 ·-
826 3233 871 3283 40.
894 3223 968 3277 Levi
993 3228 1025 3275 in
1051 3243 1082 3292 pe

133 3288 246 3361 pulcro,
267 3291 383 3360 puerili,
404 3293 528 3344 nondum
550 3302 647 3346 setoso.
664 3321 699 3333 -
739 3299 783 3353 42.
809 3295 901 3360 Tene,
925 3296 1039 3359 inquit;
1065 3294 1082 3344 it

136 3365 190 3407 est:
207 3372 275 3408 num
292 3375 375 3427 supra
392 3360 445 3410 ait:
469 3360 611 3429 Locrymis
629 3364 669 3415 ita
691 3365 768 3418 fatur
785 3363 899 3415 obortis.
926 3361 1012 3413 ‘Sicut
1028 3363 1060 3413 in
1078 3380 1082 3407 ι

137 3424 219 3485 (544.)
255 3427 341 3478 osuit:
359 3428 393 3476 Et
404 3428 496 3496 fidam
515 3433 557 3481 sio
568 3432 655 3502 satur
673 3435 709 3483 od
728 3450 834 3485 aurem.
869 3432 907 3485 Et
922 3432 1006 3503 paulo
1046 3439 1082 3481 ost

89 3554 93 3565 ¹
135 3488 180 3543 lit:
204 3443 256 3561 [Ept
272 3511 330 3545 tete
350 3507 463 3547 ostentet
488 3500 520 3549 in
538 3502 658 3568 ermis,]
685 3502 743 3553 Dio
760 3504 815 3553 uit.¹
845 3499 918 3554 Sane
938 3501 1014 3551 scien
1036 3516 1082 3550 um

136 3559 329 3614 allocutionem
347 3565 431 3616 talem
449 3582 522 3630 esse,
545 3570 633 3638 quadis
656 3571 704 3622 illa
721 3571 790 3623 noui
808 3574 861 3635 (9,
877 3573 934 3626 423
951 3569 1022 3637 ⁸qq·)
1045 3568 1082 3634 (al

136 3627 170 3681 al.
188 3641 243 3694 est,
262 3629 352 3686 Guelf.
365 3634 397 3685 11.
414 3635 523 3700 omitt),
540 3637 588 3690 ubi
605 3639 724 3692 defletur
736 3638 880 3707 Euryalus.
917 3639 992 3703 Nem
1006 3637 1074 3688 locis

135 3692 187 3748 bus
204 3709 359 3753 commovet
375 3703 597 3772 miserationem,
615 3707 650 3758 ab
668 3715 774 3772 aetate,
790 3725 807 3760 a
825 3715 969 3777 tompore,
986 3724 1003 3758 a
1021 3707 1082 3760 vuhi

135 3780 184 3835 epe
201 3767 329 3836 parentis.
366 3769 434 3820 Cum
454 3774 526 3823 laete
544 3782 610 3836 ete.;
633 3794 666 3827 ao
689 3776 712 3828 si
729 3775 851 3842 diceret,
874 3791 1039 3844 quiunquam
1063 3793 1082 3828 n

135 3835 263 3902 adverae,
287 3852 350 3888 cum
367 3839 440 3900 luetn
455 3842 541 3893 talem
564 3843 658 3895 intulit
679 3861 782 3896 cesum.
818 3844 935 3896 Videtur
959 3852 1082 3895 eutem«

135 3904 209 3971 quod
233 3907 312 3973 queri
335 3922 392 3959 nou
415 3918 506 3979 potest
530 3910 564 3963 de
591 3913 725 3977 ¹fortunae
750 3912 932 3978 crudelitate,
959 3927 1034 3983 qttee
1067 3931 1083 3965 e

135 3972 290 4042 eodemque
318 3981 445 4044 tempore
471 3986 500 4030 et
523 3986 600 4032 tenta
623 3982 741 4033 contulit
763 3980 916 4049 beneficia,
949 3987 979 4032 et
1000 3981 1058 4032 tale

134 4036 276 4095 damnum.
314 4040 389 4098 Beue
413 4054 509 4099 autem
536 4051 641 4102 invidit
663 4050 787 4123 fortune
813 4049 894 4103 milri.
935 4048 974 4101 Ut
997 4046 1082 4119 (ut
