2430 4620
300 296 336 339 ns
358 274 519 379 MRGE.
542 273 700 343 Bucot.
721 275 785 354 v1,
806 279 955 348 43-53·
1084 281 1149 347 137
1175 278 1180 291 ’

108 459 146 526 (n
158 457 309 527 Mysiam)
334 459 409 530 apud
431 461 540 514 fontem
563 461 641 515 Cinci
663 461 769 528 amnis,
791 477 858 514 cum
874 470 1007 532 aqmtum
1029 460 1109 529 isset,
1130 478 1148 515 a

111 529 234 598 nymphis
253 535 351 596 raptus
368 537 423 594 est,
440 547 491 582 nec
508 545 633 598 unquam
650 535 739 602 potuit
754 531 882 601 reperiri.
915 533 1012 584 Postea
1028 547 1093 582 cum
1108 547 1149 584 es·

112 604 146 650 set
164 596 333 665 cognitum,
357 598 431 667 quod
454 599 571 667 perisset
594 600 623 651 in
646 605 739 664 fonte,
763 601 790 652 ei
807 607 988 652 statutasunt
1003 616 1096 665 sacra,
1117 599 1149 653 in

101 696 105 703 ·
145 664 202 717 ”nus
227 681 295 716 mos
312 667 417 732 luerat,
441 675 471 716 ut
488 668 545 718 eina
569 685 674 723 nomen
697 670 865 721 clamaretur
887 669 919 720 in
943 668 1083 719 montibus
1101 667 1148 732 (al.

103 680 193 804 lllst).
241 733 286 785 Λᾶ
311 751 395 804 quam
420 735 605 788 imitationem
629 755 702 788 nune
727 737 807 789 dicit:
834 737 868 787 Ut
887 740 956 789 litus
973 735 1051 804 Hyle
1069 737 1148 806 llyle

97 799 344 855 'omne-sonaret„
367 803 439 872 [Per
461 804 609 855 transitum
632 823 694 857 rem
718 822 812 858 veram
835 805 941 874 tetigit,
964 807 1047 856 tertio
1071 806 1149 858 eriim

104 869 139 925 ab
155 870 411 943 ephebo‘puerum
437 872 467 923 in
491 881 587 926 monte
604 874 799 926 comitantibus
817 875 947 926 universis
965 888 1069 926 nomen
1087 873 1146 926 eius

102 938 289 993 emebatur:
343 939 432 1006 Sane]
461 943 793 1012 postremnm‚(antem)
817 943 846 992 le
874 942 956 994 breve
987 951 1052 1007 est,
1082 942 1148 994 ideo
1181 974 1184 978 Δ

104 1010 167 1078 qnia
192 1009 298 1061 vocalis
321 1009 445 1062 vocalem
475 1017 604 1078 sequitur.
654 1011 727 1063 Nam
752 1011 840 1062 omnis
864 1010 1000 1061 vocativus
1023 1010 1148 1062 Graecus

106 1095 121 1129 a
148 1078 312 1129 masculino
336 1078 470 1144 veniens,
499 1097 516 1127 e
547 1080 733 1146 terminatus,
762 1080 859 1148 longus
890 1087 953 1144 est,
987 1086 1018 1129 ut
1046 1079 1148 1147 Aenea,

106 1145 197 1214 Hyia,
224 1145 318 1196 Palles.
352 1146 448 1214 [Ordo
471 1153 567 1200 tamen
592 1159 646 1200 est:
664 1149 712 1199 his
736 1147 861 1215 adiungit
883 1148 1023 1217 quomodo
1047 1150 1072 1198 H
1089 1149 1147 1205 lem

104 1223 204 1268 uentae
223 1215 393 1266 clamassent
416 1216 446 1266 in
463 1216 539 1268 fonte
556 1215 705 1280 relictum]
721 1245 756 1254 -
795 1225 839 1273 to.
860 1215 1048 1268 Fortunatam
1066 1165 1149 1268 lesi·

106 1285 211 1351 phaen3
239 1292 310 1343 nota
326 1283 420 1335 labula
439 1283 515 1350 [est],
532 1285 707 1337 Cretensium
724 1283 877 1352 Reginam,
905 1284 1009 1335 Minois
1025 1301 1150 1352 uxorem,

108 1370 175 1421 quae
192 1352 275 1404 tauri
292 1369 388 1405 amore
404 1353 532 1420 flagravit
548 1355 588 1420 [et
605 1354 684 1406 enixa
701 1355 892 1404 Minotaurum
908 1353 1016 1404 crimen
1033 1354 1148 1406 demeu-

107 1423 159 1475 tiae
176 1437 249 1473 suae
266 1421 423 1490 publicavit.
457 1423 557 1478 Amare
575 1422 687 1490 quidam
704 1437 755 1492 pro
774 1423 805 1473 in
824 1438 918 1471 amore
939 1422 1095 1488 accipiunt]
1111 1448 1148 1462 -

106 1494 147 1548 47.
165 1489 209 1540 Aa
228 1491 314 1556 virgo
333 1490 454 1558 infelix5
473 1490 578 1542 adhoc
595 1492 725 1560 pertinet,
742 1491 815 1558 quod
828 1491 868 1541 ait
879 1489 1008 1555 Solatur:
1026 1498 1057 1540 ut
1072 1490 1147 1560 quod

108 1566 182 1611 amat
197 1567 331 1624 taurum,
354 1561 483 1612 fortunae
501 1559 589 1627 magis
607 1547 729 1611 videatur
745 1574 817 1622 esse,
833 1575 918 1628 quam
934 1574 1053 1610 morum.
1088 1561 1148 1612 Vir-

107 1643 140 1695 go
163 1635 281 1691 autem,
305 1636 336 1678 ut
351 1628 467 1679 diximus
485 1643 568 1696 supra
592 1628 665 1694 (Eel.
690 1635 722 1691 3,
746 1630 821 1691 90.),
845 1645 862 1680 a
878 1627 1006 1680 viridiore
1024 1627 1147 1695 (dicitur)

108 1704 215 1749 aetate:
240 1712 311 1747 nam
333 1697 392 1748 iam
408 1705 498 1749 mater
521 1698 613 1748 fuerat
629 1696 784 1760 Phaedrae,
805 1696 952 1762 Ariadnes,
977 1695 1027 1763 [et]
1042 1697 1148 1749 Andro-

123 1764 158 1818 ei.
199 1764 320 1832 [Calvus
342 1765 372 1816 in
395 1765 442 1818 Io:
464 1765 506 1815 Als
529 1768 610 1833 virgo
635 1766 738 1833 infelix
762 1763 855 1815 herbis
879 1767 1005 1832 posceris
1029 1768 1145 1818 sineris.

108 1780 230 1904 budam
248 1835 347 1900 virgo,
369 1849 427 1885 non
444 1834 518 1902 qnod
541 1835 632 1885 virum
654 1833 702 1885 illo
720 1832 921 1902 tempore'non
943 1834 1073 1898 haberet,
1099 1833 1147 1886 sed

109 1903 172 1972 quia
189 1901 256 1952 talis
273 1902 300 1954 ei
317 1918 407 1972 poena
423 1903 481 1955 iam
497 1903 598 1970 virgini
614 1903 749 1954 destinata
765 1903 814 1967 sit,
830 1901 1001 1970 intelligunt,
1019 1902 1055 1952 ob
1073 1903 1147 1955 iram

108 1972 212 2023 scilicet
238 1971 367 2036 Veneris,
399 1987 470 2040 quae
493 1971 565 2024 irata
589 1970 666 2035 Soli,
686 1971 759 2038 quod
782 1987 825 2033 se,
853 1979 885 2020 ut
907 1971 1022 2039 quidam
1045 1972 1148 2037 volunt,

109 2041 263 2102 Anchisae,
286 2048 334 2090 aut
358 2039 405 2091 alii
428 2040 515 2090 Marti
538 2039 714 2091 coniunctam
739 2037 914 2105 prodidisset,
938 2039 1064 2090 subolem
1088 2041 1147 2092 eius

109 2107 264 2163 inhonestis
280 2107 423 2160 amoribus
439 2106 572 2173 subiecit,
595 2117 625 2158 ut
643 2109 758 2171 Circen,
774 2107 920 2171 Medeam,
935 2107 1102 2175 Pasiphaen3
1119 2114 1148 2160 et

110 2176 162 2229 loc
177 2177 300 2230 dicitur:
323 2178 355 2228 ln
371 2175 418 2228 illa
435 2177 651 2229 commiserabssi
668 2175 809 2227 dementia
825 2175 961 2243 feliciores
977 2177 1059 2228 inisse
1076 2192 1148 2245 quae

110 2261 137 2298 se
160 2244 300 2298 animalia
320 2245 485 2312 credebant,
516 2262 600 2314 quam
622 2244 789 2312 Pasiphaen,
816 2258 902 2311 quae,
925 2261 989 2295 cum
1013 2244 1097 2297 sciret
1117 2260 1148 2296 se

110 2314 275 2380 hominem,
294 2320 408 2365 taurum
430 2314 593 2366 sectabatur.
630 2311 709 2380 Quae
727 2325 752 2362 se
771 2313 908 2363 dementia
926 2316 1012 2381 eepit;
1036 2313 1081 2364 hic
1099 2311 1148 2369 ob.

111 2383 217 2452 ingeri
236 2381 343 2449 magis,
366 2398 451 2451 qnam
474 2381 612 2435 consolari
634 2383 756 2445 videtur,
781 2399 816 2432 an
841 2381 907 2450 quia
932 2381 1095 2434 consolantis
1119 2388 1147 2434 et

111 2450 162 2504 tec
187 2451 316 2502 officium
339 2459 395 2515 est,
418 2460 448 2502 ut
471 2458 627 2505 merentem
650 2449 769 2501 strictim
792 2458 820 2501 et
847 2447 1012 2516 obiurgetl]
1034 2477 1069 2489 —
1102 2453 1147 2508 48.

113 2518 258 2574 Proetides
283 2520 435 2586 implerunt
453 2521 546 2591 falsis
571 2521 724 2588 mugitibus
750 2535 851 2585 agros,⁸
877 2519 1032 2584 Proetides,
1047 2519 1148 2585 Proeti,

113 2598 140 2642 et
154 2588 346 2652 stenohoeae,
371 2589 426 2641 sive
443 2591 578 2658 Antiopae
600 2588 752 2639 secundum
769 2589 922 2639 Homerum
946 2588 1018 2639 filiae
1035 2589 1148 2639 luerunt

111 2657 259 2727 stynppe,
285 2658 423 2726 Ipponoe,
444 2655 626 2726 Cyrianassa.]
658 2658 718 2708 Hae
740 2673 769 2708 se
787 2671 851 2706 cum
867 2656 965 2707 Iunoni
980 2657 1010 2706 in
1028 2656 1150 2724 pulchri·

113 2728 207 2781 tudine
227 2725 428 2797 praetulissent,
445 2727 498 2795 [vel
514 2735 545 2777 ut
562 2726 676 2793 qnidam
693 2725 800 2787 volunt,
816 2740 881 2775 cum
899 2732 989 2776 essent
1006 2724 1148 2790 antistites,

113 2811 194 2848 auae
220 2802 288 2847 sunt
308 2795 375 2846 vesti
398 2795 455 2846 eius
480 2798 579 2847 aurum
602 2795 758 2846 detractum
781 2794 811 2843 in
836 2809 916 2843 nsum
939 2808 1020 2843 suum
1037 2807 1149 2845 conver-

115 2863 197 2928 sereJ:
222 2862 271 2915 illa
288 2862 359 2914 irata
376 2863 450 2914 hunc
467 2864 592 2914 furorem
610 2878 707 2914 carum
723 2860 840 2912 immisit
858 2861 1012 2925 mentibus,
1037 2869 1082 2925 ut,
1099 2877 1148 2930 pu·

115 2939 202 2985 tentes
220 2948 252 2982 se
269 2947 379 2994 vaccas,
403 2933 433 2982 in
449 2932 531 2982 saltus
555 2931 678 2995 abirent,
704 2937 731 2981 et
755 2929 917 2998 plerumque
942 2931 1097 2998 mugirent,
1120 2937 1149 2981 et

116 3002 251 3054 timerent
265 3007 365 3051 aratra.
399 3001 454 3050 Has
470 3000 625 3070 Melampus
641 2997 819 3066 Amythaonis
835 2998 905 3048 lilius
922 3007 1002 3066 pacta
1019 2997 1148 3051 mercede

119 3079 148 3120 ut
163 3069 359 3138 Cyrianassam
383 3085 498 3120 uxorem
521 3084 585 3119 cum
603 3076 681 3135 parte
704 3066 785 3134 regni
810 3067 970 3137 acciperet,
984 3068 1090 3138 placata
1105 3067 1149 3118 lu·

120 3153 204 3204 none,
232 3136 341 3196 inlecto,
360 3138 452 3201 fonte,
474 3137 522 3188 ubi
545 3137 639 3188 solitae
665 3144 744 3188 erant
768 3134 881 3199 bibere,
904 3137 1044 3202 purgavit,
1068 3143 1096 3187 et
1119 3134 1150 3189 in

120 3208 267 3274 pristinum
292 3221 402 3257 sensum
424 3204 538 3258 reduxit.
563 3233 598 3242 -
641 3211 682 3262 50.
708 3203 798 3270 [Collo
826 3207 979 3269 timuisset,
1003 3204 1150 3255 Terentius

123 3277 225 3338 (lleaut.
243 3283 277 3339 3,
293 3284 327 3337 2,
343 3281 387 3330 20.
405 3274 453 3326 uhi
471 3281 512 3325 est
529 3273 646 3334 simui).·
663 3271 730 3338 Syre
749 3274 803 3323 tibi
819 3275 922 3324 timuit.
935 3299 968 3309 -
1004 3279 1046 3329 51.
1064 3271 1163 3336 Levia

124 3340 242 3395 lsumana
257 3343 369 3395 scilicet.
386 3368 421 3381 -
455 3348 498 3403 53.
515 3342 567 3394 llle
585 3344 662 3394 lotus
680 3343 792 3392 niveum
802 3365 812 3408 ,-
830 3341 891 3412 quis
909 3358 971 3394 eam
989 3342 1078 3393 amari
1094 3359 1152 3396 nors

149 3535 184 3588 B)
212 3541 253 3581 l’so
276 3541 342 3581 ronst
360 3542 385 3580 B.
397 3542 424 3580 R.
439 3542 487 3580 vo..
507 3540 577 3592 steph.
591 3547 613 3578 et
626 3540 652 3577 al.
668 3540 746 3586 Ionlr‘u
764 3536 819 3577 Dan.
833 3536 895 3576 Ionii.
922 3536 990 3575 ouen.
1004 3535 1020 3574 1.
1034 3544 1055 3575 et
1066 3537 1091 3575 11.
1105 3538 1153 3588 Hy.

203 3598 261 3645 lam
282 3598 360 3649 Hylam
374 3612 462 3648 puerum
476 3601 567 3637 comitem
582 3596 691 3641 Herculis,
713 3609 771 3647 quem
786 3593 878 3644 perdidit
892 3595 913 3631 r'n
928 3593 1006 3642 finibus
1021 3595 1080 3632 ionio
1094 3596 1153 3632 iussu

203 3659 285 3699 Mace,
307 3669 343 3693 nee
358 3669 443 3706 usquam
454 3658 524 3705 potuit
539 3656 626 3704 reperire
647 3646 675 3700 (sl
696 3652 792 3702 reperiri)
815 3657 852 3687 stc.
879 3650 918 3688 Pro
937 3651 994 3689 cinci
1014 3651 1065 3688 Dan.
1084 3650 1154 3696 vates,-

206 3713 265 3752 curti
278 3726 294 3751 s·
308 3714 397 3751 Ascanii
415 3713 516 3750 malebant
530 3714 586 3749 Voss.
601 3709 711 3757 Hennes
724 3707 828 3749 Mencken
843 3706 870 3746 ad
883 3705 957 3758 Hygin.
971 3706 1012 3746 tab.
1026 3703 1061 3744 14.
1082 3718 1103 3755 p.
1117 3701 1153 3744 45.

202 3769 229 3805 V.
242 3769 327 3809 &lmen
340 3768 439 3807 Exercitt.
453 3769 518 3807 Plinn.
533 3781 553 3818 p.
567 3767 616 3807 617.

149 3843 184 3896 ld)
213 3847 283 3887 Guell.
296 3850 311 3887 l.
325 3850 348 3887 11.
369 3851 407 3889 ille
426 3853 480 3890 irate
494 3851 548 3889 liuns
569 3860 658 3888 errorem
677 3860 747 3886 canem
768 3846 846 3884 inmisit
866 3841 976 3887 mentibus,
996 3850 1019 3881 us
1038 3856 1060 3880 se
1078 3854 1153 3880 eaesae

198 3913 313 3956 pisanas,-
340 3907 390 3946 edeo
411 3915 434 3946 ut
449 3909 568 3958 plerumque
590 3908 666 3957 mngir.
686 3912 705 3942 es
724 3906 767 3942 tim.
787 3909 866 3940 erare·
899 3903 946 3942 Has
965 3899 1064 3950 Melump.
1079 3905 1152 3950 postes

197 3975 303 4014 purgasse
313 3964 447 4013 perhibetur5
460 3963 542 4016 reliquis
557 3962 647 4011 omissis,
662 3967 683 3998 et
696 3959 724 3998 sie
737 3962 761 3999 B.
776 3959 802 3998 11.
817 3959 864 3996 vos.
879 3957 906 3996 sl.

146 4043 181 4095 5³)
210 4045 280 4084 Burin·
295 4057 378 4094 amarer
392 4051 413 4084 st
424 4044 447 4085 ia
461 4051 543 4088 sensti
555 4043 630 4091 lette.
643 4045 692 4096 cisia
706 4055 750 4085 ears
764 4055 833 4085 sesses
847 4053 889 4081 sois
901 4040 1011 4092 intelliges.
