2430 4620
157 308 224 375 368
423 298 554 365 tuotu
577 300 939 367 COMMENTARIUS

155 492 241 544 simus
264 494 419 541 centaurus.
455 486 548 549 nun
570 494 611 537 est
628 486 787 542 Thessaliae
810 502 900 541 mons.
917 514 954 529 -
996 494 1065 551 ¹⁴&
1089 490 1189 546 διΊιιιιι
1214 447 1215 512 ¹

156 562 263 613 llutnen
281 567 321 609 ett
338 556 493 622 Lucaniae,
509 568 605 629 portus
621 555 767 623 Alburntu,
783 564 812 609 et
827 558 953 613 eiusdem
970 563 1101 613 nominis
1118 578 1190 627 mous,

155 630 191 681 ad
216 634 322 677 sextum
351 642 369 677 a
399 626 494 695 primis
523 626 655 678 tabernis.
701 624 876 679 Mentionetn
904 628 975 679 lacit
1001 628 1129 683 Lucilius
1147 630 1188 683 lnc
1214 659 1215 664 =

154 710 251 749 seron:
288 694 424 761 Quattuor
447 696 512 747 hinc
536 695 572 746 ad
594 694 675 747 Silnri
705 692 813 749 llumen
837 704 1012 767 portumque
1037 697 1187 753 Album

157 766 260 827 Asiloi
298 779 385 831 geum
416 772 458 815 est
495 761 613 827 tahani,
654 764 726 816 adeo
757 776 844 829 acer,
880 772 913 817 ut
942 766 1040 819 soleat
1076 778 1187 823 armenta

154 836 259 887 lutcera
289 832 452 899 inquietare.
498 834 619 885 tucatur
641 832 750 885 Graece
775 840 887 884 oestron
934 834 1079 889 Meminit
1109 848 1187 889 auten

154 902 290 961 historiae,
303 900 356 951 hoc
373 900 435 951 loco
452 898 599 969 Virgilius,
617 901 675 952 eius
692 916 777 969 quam
790 900 902 953 Ovidius
918 902 949 955 in
965 906 990 955 l.
1009 906 1186 977 Meumupt

153 970 277 1041 exposuit
300 970 395 1039 plene,
418 968 557 1033 celerem,
580 970 676 1021 lnschi
700 970 787 1021 liliam
810 970 840 1021 lo
863 986 1065 1039 compressam
1091 992 1110 1027 n
1131 976 1186 1039 loto,

154 1046 289 1093 mutatum
315 1040 344 1089 in
368 1054 496 1099 vaccam,
524 1047 617 1091 uctsm
640 1054 699 1091 esse
722 1054 772 1108 per
795 1037 897 1091 orbem
926 1048 1079 1095 terrarum
1103 1050 1186 1107 octus

153 1112 241 1163 douec
265 1104 301 1157 sd
324 1106 431 1159 llumeu
456 1106 550 1159 Nilum
575 1108 663 1173 verrit,
693 1106 823 1175 qtsodque
845 1108 900 1171 ihi,
923 1110 1062 1179 mitigata
1085 1112 1185 1175 lunone,

154 1178 247 1231 finitus
263 1176 299 1227 tit
315 1176 374 1229 eius
395 1175 490 1235 labcr3
513 1192 598 1245 qutun
621 1176 766 1229 Inachiam
788 1176 857 1227 dicit
873 1178 1018 1245 Virgilius.
1054 1182 1186 1249 Tnnagrttt

153 1257 261 1299 torrens
279 1252 320 1297 est
336 1245 490 1309 Lucaniae,
506 1245 570 1313 qui,
586 1260 652 1295 cum
667 1244 775 1317 pluviae
792 1252 869 1309 nuit,
894 1246 1016 1299 effusior
1033 1258 1079 1302 est
1096 1257 1126 1303 et
1140 1266 1186 1302 ste·

152 1318 198 1381 vit,
214 1328 280 1365 cum
296 1330 436 1375 serenum,
452 1314 539 1363 siccus
556 1322 605 1365 est.
618 1340 652 1351 -
687 1320 748 1370 180·
761 1312 880 1383 Alpheus
893 1314 997 1367 llutius
1012 1325 1057 1371 est
1068 1318 1185 1371 Achaim.

151 1386 213 1437 l'int
236 1382 384 1453 oppiduul,
405 1382 479 1449 quod
503 1381 601 1433 hubnit
617 1382 784 1436 Oenomaus.
816 1380 899 1433 Elcut
915 1398 1054 1455 campus,
1077 1388 1185 1441 entium

152 1453 362 1521 Olympiacum,
386 1450 433 1501 uhi
458 1450 522 1517 equi
546 1466 657 1535 quoque
679 1456 795 1503 certant.
841 1449 953 1519 Scythia
980 1456 1067 1522 regio
1093 1464 1135 1509 est
1153 1473 1184 1509 te

171 1520 358 1581 tentrionalis;
380 1519 481 1585 Belgae
507 1520 583 1569 notio
600 1520 756 1571 (sallorum.
773 1544 808 1557 -·
851 1526 913 1579 255·
930 1518 1041 1575 Sabelli
1063 1540 1133 1593 gens
1152 1532 1185 1579 stt

149 1543 260 1652 fultae,
281 1588 427 1639 coniuncte
445 1588 532 1649 nturi,
556 1588 604 1639 uhi
622 1588 742 1641 maxims
757 1588 838 1654 copis
854 1602 994 1669 spretum
1013 1600 1066 1645 est.
1101 1594 1184 1647 Pontia

151 1658 218 1711 urbs
241 1664 282 1709 est
305 1656 453 1721 Boeotiae,
480 1656 527 1707 uhi
550 1656 687 1713 Glaucus.
709 1656 815 1725 Sisyphi
837 1656 909 1709 lilius
932 1666 963 1711 et
988 1658 1141 1735 Meropes,
1158 1670 1182 1713 tt

150 1724 323 1795 Asclepiades
340 1724 370 1775 iu
387 1724 638 1793 Tragutleumenon
655 1723 704 1777 lib.
720 1726 739 1777 l.
756 1727 808 1788 sit,
824 1725 924 1777 hebuit
939 1742 1044 1797 equus,
1062 1748 1132 1801 ques
1145 1730 1182 1783 td·

147 1803 274 1849 sueverat
290 1794 414 1847 humans
430 1812 515 1845 curne
532 1796 623 1859 alere,
647 1810 704 1862 quo
719 1794 845 1865 cupidius
867 1795 897 1846 in
914 1794 1034 1849 hostem
1050 1800 1180 1857 irruerent

148 1873 177 1919 et
192 1864 382 1935 perniciosius.
415 1864 508 1983 lpsurn
525 1874 620 1915 nutem
639 1880 702 1913 cum
718 1862 850 1916 alimenta
868 1863 1059 1933 deiecissent,
1081 1868 1179 1923 detora-

147 1943 247 1987 veruut
271 1932 300 1984 in
324 1931 395 1983 ludis
438 1930 587 1983 uucbrihus
610 1931 710 1985 Peliae·
758 1932 878 2001 Quidam
901 1940 1006 1985 eastern
1032 1936 1086 1989 hnc
1110 1954 1204 2007 squas·

147 2002 292 2055 Diomedis
315 2002 414 2065 luisse,
438 2016 503 2066 cluss
521 2001 652 2053 Hercules
674 2002 710 2053 ad
727 2000 879 2069 Eurysthea
902 2002 1089 2073 perduxerit,
1111 2006 1178 2059 est

147 2070 302 2139 Eurystheo
319 2077 347 2118 et
363 2068 476 2139 Sisypho
494 2069 652 2133 distractus,
676 2078 796 2139 Ιιιιιιιιψιο
813 2070 870 2121 filio
887 2088 937 2121 tuo
957 2072 1073 2127 dedisse
1089 2077 1177 2129 tenuit

146 2169 182 2179 -
217 2144 279 2197 280.
296 2139 484 2205 Hippomanes
506 2155 580 2189 urtuc
602 2138 739 2207 siguificat
764 2138 792 2189 id
809 2140 882 2207 quod
904 2156 936 2191 ex
963 2140 1176 2209 inguinihuude

146 2210 210 2261 fluit
227 2224 376 2275 eqttururu.
401 2206 473 2273 ‹utnd
491 2206 586 2257 datum
603 2210 772 2259 saltatorium
789 2216 842 2271 est,
864 2216 893 2259 ct
909 2210 1048 2263 furorem
1063 2212 1136 2277 nsit,
1153 2210 1173 2263 ti
1208 2222 1214 2271 ξ

145 2286 195 2331 eut
215 2276 439 2345 intempestivum
458 2283 513 2339 est,
538 2284 586 2326 stit
601 2276 708 2329 excedit
724 2276 847 2327 modurn.
880 2277 1057 2333 'l'heodorns
1072 2280 1171 2335 helam
1207 2330 1214 2342 „

147 2362 205 2399 este
223 2344 302 2407 dicit,
329 2360 413 2423 qttatn
438 2344 501 2409 tuni
527 2344 548 2395 si
574 2346 742 2411 gustaverint
766 2348 924 2397 efferantur.
964 2346 1100 2401 Castalius
1114 2348 1168 2401 suut
1206 2359 1210 2367 '

146 2423 188 2468 est
203 2412 318 2483 Delphis
335 2430 363 2462 su
382 2415 404 2463 A

145 2493 204 2535 etus
226 2500 242 2533 a
260 2482 385 2545 Castulo,
405 2430 533 2550 dlelphici
551 2483 680 2552 Apollinis
703 2482 775 2546 lilio,
800 2490 900 2551 nepotc
917 2484 1061 2564 Neptuni.
1090 2484 1169 2556 Apollo

145 2560 239 2605 autent
263 2551 363 2602 dicitur
387 2550 558 2613 lllussgctcs,
588 2552 654 2617 quis
677 2550 764 2601 Musis
786 2567 896 2601 sacrum
926 2555 1122 2619 existimetur,
1144 2561 1170 2603 ut
1205 2584 1210 2608 ,-

48 2640 56 2657 =
143 2620 270 2673 Lutatius
292 2618 321 2669 iu
347 2620 438 2685 primo
457 2619 620 2671 Communis
636 2620 773 2671 Historiae
795 2620 849 2671 ait:
873 2619 928 2686 Qui
946 2621 1170 2677 deorumuram
1205 2636 1214 2685 't

143 2696 247 2757 egerat.
282 2690 427 2752 Aquarius
446 2704 539 2751 nuno,
563 2688 685 2741 hiemem
710 2696 738 2740 et
753 2689 840 2739 Pisces
859 2687 986 2766 liniunt,
1009 2693 1050 2746 ab
1076 2694 1115 2745 eis
1133 2708 1169 2743 ter
1205 2703 1208 2711 ·

142 2766 256 2880 lltlg
275 2757 397 2893 llgnl
419 2757 1169 2895 illunis&itltsptllt'n'tnil'l'ss
1206 2790 1211 2891 Ξ

141 2903 268 2957 scuutur,
290 2911 357 2960 quus
374 2894 489 2945 tundent
506 2896 542 2946 ad
558 2894 645 2945 cilicie
664 2894 762 2960 quibus
779 2902 879 2945 nautae
902 2901 1035 2950 utuntur.
1053 2928 1089 2939 -
1121 2904 1168 2959 338
1206 2913 1210 2960 ξ

141 2964 279 3031 Halcyone
297 2964 349 3028 tuit
366 2963 421 3013 filiu
439 2963 529 3024 Aeoli,
554 2980 620 3013 uxur
637 2964 746 3030 Ceycis,
768 2962 824 3033 tino
848 2962 877 3013 in
894 2966 1052 3035 naufragio
1075 2969 1169 3030 amisso,
1206 2980 1211 3009 1

140 3040 247 3083 mutatu
265 3038 307 3085 cst
323 3031 352 3080 in
370 3049 467 3083 noveru
485 3032 679 3099 Hulcyorriaut,
701 3032 788 3081 cuins·
801 3038 895 3100 partus
919 3032 994 3084 dum
1019 3038 1168 3099 excluditu,
1207 3064 1213 3087 .-

138 3102 194 3150 Vll.
211 3100 308 3151 diebus
331 3116 409 3152 snare
431 3100 555 3167 quietum
582 3108 629 3151 est.
663 3098 791 3150 Acanthis
815 3117 885 3168 quse
902 3099 1017 3155 Graece
1042 3107 1118 3159 dicte
1132 3111 1167 3167 ed,
1206 3118 1211 3147 t

139 3169 239 3220 Latine
256 3168 390 3219 carduelis
408 3177 535 3229 vocatur,
558 3186 574 3219 a
591 3168 702 3219 carduo.
735 3168 819 3218 Dnmi
838 3178 972 3221 vocantur
996 3188 1101 3245 aspera
1120 3174 1166 3225 lost
1206 3184 1212 3232 t

140 3246 168 3288 et
191 3236 309 3299 inculta,
339 3237 473 3288 collicosa.
516 3237 639 3308 lllapalia
668 3238 728 3288 loca
752 3238 858 3287 deserta
881 3237 997 3292 Punica.
1043 3243 1167 3295 Numidas
1206 3272 1214 3305 :‚

138 3306 257 3373 mapalia
282 3315 379 3356 vocant
400 3313 472 3356 tecta
496 3321 560 3369 sua,
586 3322 656 3373 quae
678 3305 815 3356 subductis
840 3304 956 3358 navibus
980 3319 1051 3378 post
1066 3314 1164 3365 missum
1205 3322 1211 3370 t

136 3389 233 3442 regern
246 3373 353 3438 Persea,
370 3375 478 3425 inversa
495 3390 546 3443 pro
559 3373 699 3425 domicilio
716 3374 820 3425 habere
837 3385 1000 3444 coeperunt.
1040 3381 1164 3451 Amyclas·
1205 3383 1214 3443 ξ

136 3459 200 3505 ιιιιι,
225 3441 402 3492 Laconicum.
446 3445 589 3506 Cressam,
612 3446 790 3505 Cretensem,
812 3444 876 3509 qnia
900 3442 940 3492 ibi
968 3448 1077 3515 optimi
1098 3448 1164 3517 tagit

113 3512 200 3577 ‚tatii
217 3518 287 3560 tunt.
321 3509 456 3579 Rhodope
473 3527 553 3562 mons
571 3512 715 3563 Thraciae.
748 3511 874 3562 Medium
892 3526 990 3579 axem,
1008 3518 1163 3586 septennio·
1204 3547 1211 3578 ,

135 3596 202 3634 nem
219 3578 345 3629 dicit-
380 3584 442 3634 382.
459 3580 533 3629 Euro
550 3580 686 3645 significat
702 3587 796 3645 ventu,
815 3595 870 3631 non
887 3581 988 3648 utique
1006 3600 1062 3651 eo,
1079 3587 1125 3655 qui
1138 3583 1163 3636 ab
1205 3614 1215 3648 t.

135 3656 198 3699 ortu
222 3648 287 3710 flat,
310 3645 358 3697 sed
382 3662 415 3697 eo
440 3663 523 3714 quom
541 3648 703 3715 Aquilonem
728 3663 863 3699 vocamus.
897 3648 1049 3715 Riphaeos
1073 3661 1162 3706 monus
1206 3683 1212 3715 ³.

134 3717 248 3786 qnidam
277 3721 443 3784 putaverunt
465 3715 552 3783 Alpes.
600 3715 653 3767 Sed
682 3717 794 3784 proprie
823 3723 886 3765 sunt
908 3715 1038 3787 Riphaei
1070 3730 1160 3775 moutu
1206 3751 1211 3783 t

132 3785 266 3853 Scythiae.
300 3782 440 3852 Scythium
457 3783 675 3850 interpretantur
691 3784 940 3851 lupinicolorem,
964 3790 1089 3856 quidam
1107 3790 1160 3842 hilt'r
1207 3838 1213 3853 ,

133 3870 218 3904 scum.
237 3884 270 3895 -
306 3858 366 3910 391.
384 3851 502 3902 Munere
528 3861 593 3909 etc.;
617 3853 846 3917 Pan,..Mercurii
862 3852 950 3917 filius,
975 3873 1047 3907 curu
1068 3862 1158 3910 Lunam
1206 3856 1210 3869 ⁴

133 3923 321 3988 concupisset,
351 3927 380 3972 et
406 3920 522 3972 heberet
546 3920 681 3989 optimum
708 3937 804 3988 pecus,
830 3931 964 3989 poscente
989 3944 1044 3993 ea,
1067 3933 1158 4000 partem
1206 3958 1212 3991 ,

132 3991 239 4059 pecoris
263 4005 315 4060 pro
344 3989 491 4040 concubitu
515 3989 616 4039 dicitur
640 3988 792 4057 pollicitus,
816 3997 844 4038 ct
861 3989 928 4040 tlttas
954 4003 1056 4059 partes
1081 3998 1158 4051 fecistt

130 4074 250 4127 gregum
257 4096 266 4125 ,
294 4072 418 4129 quarunt
448 4057 567 4112 alteram
590 4058 795 4130 candidiorem,
824 4057 873 4110 ted
901 4057 986 4114 lanae
1018 4066 1157 4125 crassiorist

423 2412 511 2463 ulliuis
530 2416 655 2473 oraculo,
679 2414 726 2481 qui
745 2413 830 2465 abluit
846 2414 937 2483 ipsam
959 2432 1049 2470 nram
1063 2418 1115 2482 dai,
1131 2416 1167 2467 di·
1206 2446 1211 2477 :
