2430 4620
119 267 163 327 ‘n
190 214 200 231 ’
380 254 520 316 silum
545 254 902 316 commissuros

124 437 217 505 (iriam
244 437 327 486 semel
352 435 503 503 informem
522 450 600 488 vasto
626 438 732 487 vidisse
757 438 810 487 suh
837 449 919 487 antro
939 432 1083 501 Scyllam]
1120 433 1175 502 cy-

126 512 218 572 clopas
229 531 237 569 ‚-
258 524 382 554 inm-rso
400 507 589 557 decimationis
608 510 777 556 avennicus
796 515 852 557 est:
872 508 944 557 uude
962 514 1104 554 (aiseium
1123 505 1175 555 ha-

125 578 204 629 broit
226 590 382 625 aceonzum.
417 576 490 623 liant
514 575 614 625 Latine
641 578 774 642 (pclcpss
799 576 918 626 diceret:
942 573 990 624 scd
1014 573 1053 622 sic
1078 589 1175 624 versus

125 656 199 697 suste
224 659 280 694 non
299 652 415 710 poterat.
434 671 467 679 -
502 650 563 700 204.
583 644 681 711 Regna
700 645 877 711 nespulini
904 642 1048 710 referam?
1072 642 1175 692 subau-

126 716 168 767 dis
193 730 303 777 euerso.¹
342 713 422 778 Quod
447 728 479 763 ex
503 715 700 782 postoriosibas
726 715 895 781 intelligitur.
943 712 1049 778 Pyrrho
1076 720 1175 762 autem

128 782 195 852 quid
211 781 372 847 contigerit,
390 782 569 831 rnonilesrurn
588 790 641 832 est:
666 784 740 837 narn
758 784 834 832 utin
852 781 937 833 terlio
955 780 1090 847 legimus,
1107 795 1175 829 cum

128 851 210 903 vellet
232 850 335 901 dus-ere
353 851 543 912 Hermionen,
568 850 660 902 Oresti
684 862 750 912 ante
778 850 988 917 desponsatam,
1011 849 1047 899 ab
1072 863 1106 898 eo
1133 854 1176 899 est

128 922 202 972 inter
220 935 281 971 aras
299 919 432 987 Apollinis
449 918 641 985 interemptus.
675 918 753 970 unde
771 927 813 970 est
828 926 865 984 (3,
881 918 969 979 331.);
987 916 1021 966 Et
1035 918 1174 967 scelerum

122 990 219 1058 furiis
238 990 365 1055 agitatus
385 988 497 1037 Orestes
515 986 629 1054 Excipit
653 991 815 1053 incautum,
838 990 1006 1054 patriasque
1023 988 1175 1037 obtruncat

129 1060 166 1108 ad
185 1076 261 1107 aras.
303 1055 455 1123 Venusque
474 1069 587 1120 penates
606 1057 762 1119 Idomenei,
787 1058 952 1108 Idomeneus
968 1071 1016 1104 rex
1035 1054 1175 1105 Cretensi·

128 1143 177 1176 um
195 1127 262 1176 luit:
288 1127 334 1191 qui
353 1142 418 1174 rrum
435 1134 600 1193 tempestate
617 1126 768 1190 laboraret,
795 1126 882 1189 vovit,
904 1141 933 1175 se
950 1123 1175 1173 sacrificaturum

128 1191 281 1264 [Neptuno]
299 1195 333 1243 de
351 1211 382 1245 re
400 1211 471 1261 qum
489 1196 514 1242 ei
533 1196 657 1263 primunr
675 1195 838 1245 occlusisset
861 1196 893 1259 (si
912 1208 1036 1243 reversus
1060 1192 1174 1251 luisset;

128 1265 193 1326 sed)
218 1277 283 1313 cum
308 1278 373 1312 casu
398 1265 423 1314 ei
447 1262 573 1329 primum
597 1263 667 1313 tilms
692 1264 870 1326 occurrisset,
894 1277 980 1329 quem
1005 1268 1077 1324 (inor
1101 1260 1171 1320 lovi)

128 1349 211 1396 cum,
228 1340 259 1381 ut
276 1331 322 1382 alii
340 1328 448 1395 dicunt,
470 1331 654 1383 inundasset:
679 1340 709 1381 ut
726 1333 787 1396 alii,
809 1330 959 1381 iunnolure
975 1330 1116 1395 vallasset,
1135 1328 1172 1378 ob

128 1400 322 1451 crudelitatem
348 1415 435 1467 regno
461 1416 477 1448 a
494 1401 597 1450 uiribus
622 1403 747 1467 expulsus
765 1409 812 1452 est
851 1400 928 1449 undo
952 1407 994 1450 est
1015 1404 1065 1463 (ὀ,
1085 1397 1174 1459 124.)τ

128 1468 163 1519 Et
175 1469 261 1537 fama
284 1469 360 1519 uolat
377 1471 490 1535 pulsum
511 1472 607 1537 reguis
626 1472 742 1520 cessisse
759 1470 887 1537 paternis
902 1468 1052 1518 Idomenea
1068 1467 1174 1516 ducem.

119 1539 185 1590 -Aln
209 1538 318 1602 dicunt,
350 1538 422 1604 quod
448 1539 596 1590 abscedens
621 1538 731 1589 cuidam
756 1555 837 1588 suurn
860 1538 1105 1587 cosnruendaverat
1128 1552 1173 1586 re-

129 1622 231 1675 gnum,
256 1608 302 1674 qui
321 1625 370 1675 per
389 1607 447 1656 eius
471 1607 625 1658 absentiam
645 1609 787 1675 occupavit
810 1607 964 1675 imperium
983 1614 1013 1656 et
1029 1619 1174 1655 reversum

128 1675 242 1745 pepulit.
277 1675 352 1742 Ergo
370 1692 466 1727 versos
483 1690 613 1744 penates,
629 1688 677 1728 aut
694 1692 801 1728 eversos
819 1684 848 1726 et
864 1674 985 1725 fruiditus
1003 1673 1109 1724 dirutos
1127 1689 1174 1723 ao-

129 1744 305 1814 cipiendum:
329 1752 377 1793 aut
394 1754 470 1795 certe
489 1747 517 1795 in
536 1747 626 1797 alienu
648 1747 710 1796 iura
726 1759 880 1796 conversos.
899 1769 933 1779 -
968 1750 1030 1800 265.
1049 1740 1174 1803 Laeros3

129 1821 160 1862 ut
177 1814 264 1864 etiarn
281 1812 310 1862 in
329 1813 410 1862 tertio
428 1814 560 1879 diximus,
583 1814 667 1863 Lae-i
684 1815 753 1864 socii
770 1812 859 1864 Aiacis
876 1811 950 1863 Oilei
974 1814 1090 1862 suerunt
1106 1809 1172 1880 Epi·

129 1881 250 1951 espinal
270 1889 298 1931 et
316 1880 401 1931 Ozoli.
435 1883 487 1934 Sed
505 1883 534 1934 hi
556 1884 726 1949 'tempestate
753 1882 832 1932 divisi
853 1888 932 1946 sunt,
955 1881 1025 1933 adeo
1050 1887 1081 1929 ut
1106 1879 1173 1949 Epi-

130 1950 252 2020 zepthii
270 1957 330 2015 tens
337 1958 400 2001 rent
417 1951 553 2015 Bruttios,
576 1953 611 2003 de
629 1952 727 2018 quibus
746 1951 785 2001 ait
800 1950 829 2003 in
847 1950 930 2001 tertio
949 1948 1047 2015 (399.);
1071 1946 1129 1998 Hic
1147 1959 1174 1998 et

131 2018 244 2069 Narrat·
262 2033 418 2086 punierunt
443 2023 554 2070 nicenis
573 2019 667 2071 Locri.
703 2019 782 2072 Ozoli
804 2035 869 2070 vero
888 2017 973 2108 delati
990 2017 1174 2088 Pentapolim,
1196 2016 1198 2023 '

129 2088 164 2138 de
189 2088 289 2156 quilius
319 2103 391 2137 nunc
417 2091 557 2155 queritur.
587 2089 694 2139 dicens:
724 2087 865 2154 Libycone
896 2090 1056 2138 habitantes
1087 2088 1173 2137 litore

131 2154 247 2206 Locros.
290 2157 431 2222 [Ouo-uin,
457 2159 569 2224 (prid-„in
593 2158 702 2220 dieunt,
726 2160 809 2208 etiam
834 2159 865 2207 in
888 2157 952 2225 ipsis
975 2156 1077 2206 Bruttis
1102 2157 1173 2205 litus

128 2223 267 2292 Libycum
288 2226 349 2274 ‹iis-i.
388 2227 436 2275 ani
456 2227 504 2276 hos
522 2228 596 2278 circa
615 2227 705 2292 Syrtes
723 2227 843 2294 posuisse
860 2228 953 2288 sedes,
970 2225 1018 2275 alii
1036 2224 1065 2274 in
1083 2223 1173 2291 Libya

129 2294 232 2348 insulis
251 2296 385 2361 qnasann
411 2295 586 2346 inhaerentes
606 2312 768 2362 occupasse,
792 2311 892 2362 eosque
918 2295 996 2344 initio
1015 2294 1174 2343 Nisaunno·

130 2379 193 2414 nes.
212 2371 305 2432 postea
323 2365 669 2430 corruptela:missiones
687 2365 846 2434 appellatos.
881 2364 931 2415 Alii
950 2363 1050 2413 unnssa
1067 2363 1097 2411 in
1116 2378 1173 2429 syr-

129 2431 203 2482 tibus
221 2431 306 2482 elassa
324 2449 373 2498 por
390 2432 580 2484 htediterrena
598 2434 692 2484 arietis
715 2435 830 2484 tortuito
847 2433 942 2484 dicunt
957 2436 970 2462 *
988 2432 1092 2497 (luctu)
1118 2431 1173 2481 iter
1200 2490 1203 2495 ,

128 2500 262 2552 facientes
279 2499 315 2550 ad
332 2502 499 2552 hunnonenr
518 2504 687 2568 pervenisse,
705 2511 733 2553 et
749 2503 881 2572 oppidum
898 2500 997 2551 Aineia
1016 2499 1173 2566 (Augila?)

128 2567 203 2620 inter
216 2568 417 2620 Nasarnmones
431 2571 593 2622 condidisse.
627 2571 679 2621 Alii
693 2571 801 2621 Africae
818 2570 937 2621 insulsus
957 2571 1082 2632 tenuisse,
1099 2586 1173 2636 quae

130 2652 204 2689 nunc
222 2637 341 2689 Cercina
363 2639 476 2690 dieitru:
502 2648 529 2690 et
549 2639 787 2721 pronuntiandum
810 2647 841 2689 ut
863 2638 1049 2706 longinquitas
1074 2637 1175 2689 docea-

129 2713 177 2757 tur
201 2704 293 2770 exilii]
316 2733 350 2743 -
393 2713 454 2764 267.
480 2706 599 2758 Devicta
624 2711 694 2757 Asia
722 2709 864 2772 sahseslit‚·
890 2708 1016 2775 [quidun
1041 2707 1092 2756 sub
1121 2722 1174 2772 pro

130 2785 194 2844 post
211 2774 358 2845 accipiunt,
376 2784 406 2824 ut
422 2777 458 2826 sit
473 2789 536 2843 post
553 2774 696 2844 possedit]
730 2777 846 2844 Legitur
864 2787 893 2828 et
910 2777 1046 2827 devictam
1064 2777 1175 2828 Asiam.

132 2842 214 2911 Quod
243 2843 266 2892 si
291 2852 346 2909 est,
376 2845 415 2895 ita
446 2845 626 2912 intelligimus
653 2853 683 2896 nt
713 2847 840 2901 subsedit
869 2846 918 2909 sit,
949 2845 1012 2897 dolo
1044 2844 1175 2912 possedit.

129 2909 258 2962 Lucanus
276 2917 310 2979 (5,
317 2918 405 2969 ’,Ὦπις
423 2913 575 2968 subsedere
595 2932 711 2982 regnum
728 2915 878 2966 Chalcidos
894 2914 1035 2965 Euboicae
1053 2917 1174 2980 [magna

130 2978 178 3048 ispe
198 2991 273 3049 rapte
290 2983 434 3048 parabas]
457 2983 547 3047 ,Unde
571 2993 599 3036 et
616 2986 792 3034 subsessores
817 2984 960 3047 dicmitur,
984 2984 1032 3050 qui
1055 2982 1107 3050 [in]
1132 2984 1176 3034 in·

130 3049 206 3101 cidiis
223 3057 317 3103 tauma
334 3050 512 3105 interimrurt:
537 3062 566 3105 et
581 3055 703 3104 hostium
720 3054 815 3118 dolos,
832 3055 979 3103 subsessor
999 3052 1044 3116 (al.
1062 3053 1176 3101 subses-

131 3117 191 3180 sas)
215 3133 357 3183 voramus,
382 3129 413 3172 ut
435 3124 472 3173 sit
494 3139 602 3173 sensus:
627 3123 668 3173 Ab
692 3123 902 3190 Agamemnone
926 3121 1063 3173 devictam
1080 3120 1176 3171 Asiam

131 3186 240 3239 adulter
252 3188 396 3261 Aegisthus
415 3189 529 3256 [insidiis
548 3191 586 3257 et]
603 3193 724 3243 factione
737 3192 863 3262 possedit.
898 3189 999 3241 Melius
1016 3199 1112 3240 tamen
1125 3198 1176 3257 est,

130 3263 162 3304 ut
180 3256 289 3306 devicta
308 3257 376 3306 Asia
394 3259 531 3325 legumus:
558 3260 710 3312 secundum
729 3261 802 3328 qnod
820 3261 946 3310 subsedit
971 3259 1038 3311 erit:
1061 3275 1176 3311 reman—

129 3323 178 3385 sit;
203 3331 234 3374 ut
257 3329 299 3391 (5,
316 3327 404 3389 4983:
426 3328 576 3379 Extremus
594 3331 729 3396 galeaque
755 3333 813 3380 ima
839 3329 964 3380 subsedit
983 3331 1101 3379 Acestes.
1140 3328 1178 3377 Ut
1201 3384 1204 3388 ,

129 3392 165 3443 sit
182 3408 290 3445 sensus:
308 3395 369 3446 Asia
387 3406 501 3465 psopter
519 3399 688 3450 adulterium
707 3399 819 3466 pertulit
836 3398 921 3462 bella,
939 3414 1009 3466 quoe
1025 3411 1178 3448 remanen-

130 3469 158 3512 te
176 3459 301 3513 adultero
318 3463 396 3516 linita
414 3483 472 3518 esse
494 3466 564 3518 nihil
587 3469 707 3537 proluit,
731 3475 761 3516 ut
778 3484 843 3517 curn
866 3467 1058 3533 indignatione
1081 3465 1117 3514 sit
1134 3464 1177 3516 ‹li-

129 3537 221 3581 ctum:
246 3528 322 3587 Dum
338 3534 462 3602 primum
479 3534 633 3590 vindicatur
651 3536 833 3600 adulterium,
850 3536 925 3586 aliud
942 3550 1035 3586 rursus
1052 3535 1178 3586 emersit.

48 3618 51 3633 ¹
130 3597 214 3667 [Sane
233 3598 481 3671 Clytaemnestram
500 3603 612 3656 Orestes
629 3605 716 3669 filius,
741 3613 836 3671 postea
859 3606 889 3654 in
915 3605 1064 3654 vindictam
1088 3603 1178 3672 patris

130 3666 257 3721 necavit..
283 3669 403 3741 Quidam
421 3673 516 3724 dicunt
534 3673 782 3740 Clytaemnestram
799 3690 857 3725 non
875 3690 961 3726 manu
978 3673 1041 3736 filii,
1066 3673 1116 3724 sed
1134 3675 1178 3722 iu-

131 3736 227 3788 dicum
251 3743 387 3791 sententia
410 3750 596 3809 peremptam.
630 3743 683 3793 Alii
708 3743 781 3793 hunc
801 3744 928 3795 Orestem
946 3742 1033 3792 lilium
1051 3740 1178 3793 Menelai

131 3812 160 3856 et
172 3805 293 3859 Helenae
311 3809 438 3861 tradunt:
458 3812 570 3878 quidam
588 3818 730 3862 inventam
745 3811 920 3880 Iphigeniam
938 3811 1093 3862 abortivam
1110 3825 1178 3859 lixo·

129 3889 192 3953 fem
207 3875 234 3927 ei
248 3877 343 3929 voluat
355 3877 458 3944 fuisse]
470 3907 504 3917 -·-
539 3885 602 3938 268.
622 3879 716 3932 Prima
733 3883 807 3931 inter
822 3881 942 3945 limina;
961 3881 1064 3947 inipso
1077 3879 1178 3931 limina

129 3944 257 4011 imperii,
279 3945 297 3998 i.
315 3962 339 3999 e.
355 3945 385 3998 in
402 3947 497 4001 litora:
522 3949 587 4017 quia
612 3951 764 4000 secundum
780 3951 936 4001 Homerum
954 3949 1181 4016 Clytaemnestra

129 4012 333 4080 Agamemnoni
356 4017 478 4071 occlusit
502 4018 538 4072 ad
560 4017 638 4071 litus:
660 4027 688 4072 et
710 4018 767 4072 illic
791 4035 858 4073 eum
874 4026 1115 4089 susceptumcum
1133 4015 1179 4083 (at
