2452 4626
206 304 262 387 -¹.‘⁴
285 281 445 344 visan.
465 279 624 342 anaor.
645 281 740 357 viu,
762 285 926 359 75-39„
1030 286 1102 357 155,

56 485 180 524 nurnero
197 469 390 532 noanneane,
405 475 436 517 ιιι
452 466 570 521 Parcae:
586 466 700 527 Furiae3
717 465 849 518 Hercules
865 465 950 518 etiam
966 464 1097 517 trinoctio

56 547 226 609 conceptus;
254 539 352 588 Musae
381 544 489 586 ternae:
523 543 572 587 aut
600 535 701 601 impari
731 533 1099 614 quemadmodumcumque:

56 626 125 660 narn
154 614 261 674 septem
279 605 416 669 chordae,
438 613 544 672 septem
570 604 711 672 planetae,
733 604 838 672 septem
856 603 913 655 dies
937 604 1096 655 nominibus

58 677 196 741 deorum,
212 683 319 744 septem
337 673 430 724 stellae
446 674 476 723 in
494 671 703 741 Septentrioue,
720 679 750 723 et
765 672 851 722 multa
868 673 910 723 his
928 671 1042 724 similia:
1067 679 1097 725 et

56 746 154 812 impar
172 759 305 796 numerus
323 742 502 805 immortalis,
527 744 591 819 quia
609 741 691 792 dividi
716 739 824 806 integer
842 757 898 791 non
917 748 1021 808 potest,
1044 757 1096 811 par

57 829 195 866 numerus
212 812 353 874 mortalis,
376 810 440 878 quia
458 809 541 860 dividi
561 817 664 876 potest,
687 809 752 860 licet
769 811 855 860 Varro
873 808 946 860 dicat
962 809 1097 878 Pythago·

57 898 121 934 reos
140 890 256 952 putare,
277 882 415 950 imparem
438 894 589 929 numerum
613 878 725 929 habere¹
740 877 839 942 finem,
863 893 961 948 parem
980 893 1036 928 csse
1053 881 1097 930 irr-

58 951 187 1013 finitum3
211 949 273 1000 ideo
299 947 426 999 medendi
450 962 532 997 causa
557 947 760 1013 multarumque
785 962 881 998 rerum
904 946 1026 1015 impares
1044 962 1097 997 nu·

59 1034 156 1070 meros
172 1015 295 1081 servari]
328 1017 438 1082 impare
455 1023 548 1066 autem
565 1023 679 1083 propter
696 1024 818 1065 metrum
835 1015 881 1065 ait.
904 1013 977 1066 Nam
995 1015 1029 1066 ab
1044 1014 1097 1066 hoo

61 1089 171 1154 impari
187 1087 311 1136 diciunrs.
327 1112 362 1122 -
396 1092 438 1140 77.
458 1082 557 1146 Necte5
576 1083 727 1149 coniunge,
744 1091 775 1133 ut
790 1084 828 1133 ita
845 1084 883 1133 im
904 1083 1001 1135 licetur
1018 1097 1097 1135 mens

62 1155 214 1220 amatoris,
236 1155 306 1203 sieut
327 1153 505 1220 implicantur
524 1159 552 1203 et
568 1159 768 1223 connectuntur
791 1151 831 1202 illi
849 1102 953 1203 colores
969 1151 1097 1205 invicem.

62 1226 172 1275 Tribus
206 1224 306 1286 nodis‚·
336 1220 547 1289 alligationibus.
595 1221 701 1270 Temos
726 1220 805 1272 lanae
832 1221 946 1272 colores.
969 1246 1003 1259 -
1050 1226 1094 1279 78.

61 1293 223 1360 Amarylli;
249 1292 402 1359 [vocativus
425 1286 567 1352 Graecus]
606 1290 680 1339 liaeo
705 1288 843 1356 Amarylla
866 1290 924 1341 eius
949 1295 991 1341 est
1012 1305 1097 1357 quam

62 1364 168 1413 Graeci
185 1358 335 1428 on'ppaorw
352 1360 453 1410 dicunt
492 1357 622 1421 Veneris,
640 1357 701 1419 dio,
724 1359 841 1407 vincula
862 1370 954 1422 necto,·
979 1374 1097 1428 anapae·
1124 1394 1129 1401 -

62 1432 148 1481 sticus
162 1428 208 1482 ‘est
224 1432 349 1481 trimeter
366 1426 624 1495 hypercatalecticus
641 1425 737 1492 [ideo,
754 1426 818 1494 quia
835 1442 890 1478 una
907 1435 1030 1496 superest
1045 1427 1098 1496 syl-

63 1497 147 1563 laba]
190 1500 249 1549 Hoc
275 1506 367 1549 autem
391 1503 515 1546 metrum
539 1503 579 1546 est
605 1493 734 1560 Cupidini
758 1505 956 1547 consecratum.
974 1522 1009 1534 -
1051 1502 1096 1552 80.

62 1567 181 1636 [Limus
200 1565 295 1616 uthis
314 1566 453 1625 durescit3
476 1579 504 1613 se
522 1563 556 1614 de
578 1560 645 1611 limo
669 1563 750 1627 facit,
772 1561 948 1633 Daphnidem
968 1564 1002 1616 de
1024 1579 1098 1616 cera.

65 1640 184 1688 Fecerat
200 1635 246 1686 illa
263 1636 328 1685 duas
345 1633 493 1701 imagines,
516 1630 632 1681 alterani
649 1647 681 1680 ex
698 1631 781 1696 limo,
807 1633 854 1699 qui
872 1649 903 1684 ex
919 1634 983 1700 igne
1000 1631 1032 1682 fit
1047 1634 1097 1685 du·

64 1706 141 1756 rior:
159 1704 277 1754 alteram
294 1720 325 1754 er
342 1719 416 1767 cera,
431 1717 501 1768 quae
517 1700 581 1767 igne
598 1698 722 1750 solvitur:
739 1707 770 1749 ut
786 1701 910 1753 videlicet
925 1718 1003 1752 mens
1021 1719 1096 1754 ama-

63 1773 132 1824 toria
165 1773 205 1823 ita
227 1773 383 1822 duresceret
405 1770 441 1820 ad
462 1769 555 1831 illam,
585 1783 670 1834 quarn
700 1776 766 1819 tuno
789 1770 915 1821 amabat:
946 1769 1097 1839 omnesque
1161 1786 1166 1795 ’

63 1843 149 1907 alias,
167 1841 237 1892 sicut
253 1841 288 1891 ad
304 1840 398 1908 ignem
414 1839 510 1889 limus:
535 1843 562 1887 et
579 1837 614 1886 ad
631 1851 659 1886 se
676 1835 715 1888 ita
732 1836 886 1889 molliretur
904 1847 932 1890 et
947 1839 1098 1893 solveretur

64 1927 181 1974 amore,
205 1917 236 1958 ut
257 1926 322 1961 cera
338 1906 374 1958 ad
390 1907 485 1974 ignem
507 1904 641 1973 liquescit.
657 1931 692 1942 —
726 1911 769 1962 81.
786 1906 833 1956 Sic
852 1919 945 1958 nostro
964 1906 1098 1972 Daphnis

64 1996 178 2042 umore,
203 1976 317 2029 subaudi
339 1977 469 2026 durescat
494 1986 519 2024 et
543 1975 695 2038 liquescere
720 1982 751 2024 ut
773 1968 877 2028 scilicet
893 1993 977 2043 quam
994 1977 1100 2045 appetit
1126 2000 1129 2005 ¹

63 2051 196 2100 deserens
214 2062 259 2098 me
276 2045 365 2117 potius
383 2041 477 2107 amet]
494 2070 528 2080 -
568 2048 612 2099 82.
631 2042 734 2110 Sparge
753 2045 870 2106 molam;
893 2047 937 2096 far
961 2053 988 2096 et
1004 2047 1097 2099 salem.

64 2119 136 2184 [Hoc
161 2130 264 2165 nomen
286 2116 320 2165 de
344 2113 428 2163 sacris
453 2121 575 2173 tractum
598 2118 652 2174 est;
672 2112 718 2177 'far
736 2113 812 2163 enim
829 2113 922 2183 pium,
945 2113 963 2164 i.
981 2133 1006 2166 a.
1022 2115 1097 2166 mola

67 2193 161 2248 casta,
186 2183 270 2249 salsa,
298 2190 447 2250 utrumque
471 2172 547 2233 sinim
568 2180 644 2232 idem
667 2175 814 2247 significat,
843 2183 883 2232 ita
906 2181 951 2232 lit:
980 2182 1099 2249 virginet

64 2253 190 2305 Vestales
205 2260 260 2303 tres
278 2251 414 2302 mammae
432 2266 462 2301 ex
479 2249 558 2300 nonis
576 2249 655 2302 Maiis
672 2249 707 2298 ad
724 2251 813 2318 pridie
829 2249 891 2301 Idus
902 2251 998 2316 Maias,
1015 2251 1099 2304 alter-

10 2310 12 2379 s
65 2323 110 2374 nis
132 2321 230 2372 diebus
248 2321 334 2390 spicas
350 2321 471 2388 {adoreas
488 2319 518 2368 in
535 2317 664 2368 corbibus
681 2319 837 2370 messuariis
854 2327 974 2388 ponunt,
998 2336 1098 2388 easque

10 2382 14 2435 ἶ
64 2392 156 2458 spicas
174 2390 249 2459 ipsae
266 2388 383 2455 virgines
400 2394 522 2447 torrent,
539 2385 665 2454 pinsant,
681 2387 797 2450 molunt,
815 2395 895 2454 atque
912 2389 951 2438 ita
968 2389 1098 2441 molitum

10 2440 16 2517 f·
66 2459 200 2509 condunt.
234 2458 273 2508 Ex
293 2474 324 2506 co
343 2460 418 2509 farre
436 2455 555 2522 virgines
578 2462 621 2504 ter
645 2455 673 2504 in
691 2471 763 2506 anno
781 2458 884 2507 molam
902 2457 1021 2522 iaciunt,
1043 2457 1100 2509 Lu-

10 2530 12 2571 !
66 2526 240 2594 percalibus,
262 2526 426 2590 Vestalibus,
449 2523 541 2574 Idibus
558 2520 779 2590 Septembribus,
803 2525 908 2576 adiecto
932 2526 987 2576 sale
1013 2534 1100 2595 cocto,

10 2636 13 2657 ,
66 2604 96 2648 et
113 2596 171 2646 sala
189 2593 267 2644 duro.
299 2595 385 2661 Igitur
403 2593 476 2660 quod
493 2592 522 2641 in
540 2593 623 2642 sacris
640 2593 715 2643 mola
732 2602 806 2644 casta
824 2594 939 2659 dicitur,
956 2593 1019 2645 ideo
1038 2595 1099 2646 Vir-

10 2662 12 2677 '
67 2664 150 2732 gibus
174 2663 324 2741 inquinto
347 2661 472 2740 Aeneidis
490 2659 574 2728 farre
597 2662 644 2727 pio
669 2662 831 2712 enuntiavit:
863 2661 928 2730 quid
960 2663 1036 2714 enim
1060 2671 1102 2714 est
1179 2708 1187 2719 ,

67 2736 151 2798 pium
168 2732 222 2782 nisr
238 2729 361 2781 castum?
385 2745 517 2797 quomam
539 2732 619 2795 piare
642 2737 682 2780 est
697 2733 862 2799 propitiare,
886 2732 958 2798 quod
976 2731 1101 2784 accidere
1151 2776 1152 2781 ,

10 2840 14 2871 ἱ
68 2817 126 2852 non
149 2807 241 2867 potest
263 2800 316 2850 nisi
338 2807 411 2850 caste
434 2797 594 2848 inservitum
619 2798 672 2848 erit
694 2799 777 2848 rebus
800 2799 891 2850 sacris.
931 2800 982 2849 Hic
1006 2807 1101 2852 autem

10 3394 16 3519 l

68 2869 189 2920 dicendo
208 2885 322 2934 asperge
342 2868 460 2928 molam,
482 2882 543 2916 rem
560 2866 649 2934 ipsam
666 2868 780 2935 proprio
797 2869 910 2918 nomine
927 2870 1100 2935 memoravit,

69 2937 190 2989 undein
207 2938 326 2987 secundo
343 2935 469 2987 Aeneidis
495 2938 593 3000 (lit),
616 2947 641 2984 et
658 2936 750 2984 salsae
766 2935 881 3003 fruges,
905 2944 934 2988 et
954 2937 984 2987 in
1002 2946 1102 3004 quarto

71 3005 162 3072 (517.)
187 3008 278 3072 ipsam
305 3001 434 3067 inulam]
475 3003 594 3053 Incende
619 3005 755 3054 bitumine
780 3006 894 3067 lauros,·
922 3006 941 3057 i.
965 3022 988 3056 e.
1010 3005 1103 3058 lauros

71 3075 166 3124 divino
177 3075 242 3142 igne
256 3090 394 3125 consume.
427 3071 501 3122 Nam
517 3071 642 3123 bitumen
657 3088 688 3123 er
701 3073 820 3127 fulmine
836 3073 934 3126 dicitur
951 3074 1103 3145 procreari.

71 3142 151 3193 Unde
174 3143 248 3194 irrata
265 3141 462 3210 Babyloniam,
486 3141 551 3206 quia
574 3139 650 3209 [ibi]
672 3141 829 3208 frequentia
851 3143 954 3193 cadunt
978 3143 1105 3210 fulmina,

73 3210 125 3262 hac
141 3227 175 3263 re
197 3208 273 3261 lacus
295 3210 451 3262 redundant
474 3208 543 3260 adeo
567 3217 597 3262 ut
617 3209 681 3260 inde
703 3209 852 3263 fabricasse
874 3225 969 3264 muros
986 3210 1105 3266 Semira-
1198 3208 1202 3217 ’

71 3280 125 3330 mis
150 3279 257 3330 dic'atur
280 3279 388 3345 (Guelf.
405 3279 426 3329 1.
442 3277 476 3329 Π.
499 3277 567 3329 adeo
594 3291 623 3328 ut
647 3277 816 3345 refabrieent
840 3277 939 3342 larus)
973 3281 1010 3332 Et
1033 3281 1107 3337 bena

33 3384 36 3394 .
74 3348 147 3417 quod
165 3347 336 3414 conglutinat
352 3355 381 3400 et
398 3345 491 3411 ardet,
518 3347 553 3397 ad
571 3345 734 3399 ueneficium
751 3348 917 3412 adsumitur,
942 3356 972 3400 ut
989 3348 1106 3416 glutine-

74 3423 119 3468 tur
136 3424 167 3468 et
181 3419 278 3468 ardeat
295 3417 330 3467 ad
347 3431 472 3467 amorem
489 3414 612 3466 maritus.
626 3445 660 3459 -
694 3423 738 3474 83.
756 3417 791 3468 In
806 3416 958 3484 Daphnide
973 3419 1107 3482 laurum3

10 3546 13 3559 Ι
74 3493 123 3536 aut
145 3485 319 3536 Archaismos
342 3492 382 3535 est
405 3484 507 3553 proin
522 3484 721 3549 Daphnidem:
745 3496 794 3539 aut
816 3485 1002 3554 intelligamus
1024 3502 1108 3566 supra

76 3553 228 3621 Daphnidis
246 3552 366 3621 effigiem
385 3569 447 3604 eam
464 3551 574 3604 laurum
591 3553 747 3619 incendere,
764 3563 878 3625 propter
895 3555 1015 3605 nominis
1032 3571 1108 3605 simr-

74 3621 229 3674 litudinem.
246 3648 280 3661 --
314 3626 358 3677 86.
374 3620 502 3684 Baculo,-
526 3620 603 3672 bovis
625 3630 667 3673 est
689 3622 843 3675 diminutio.
879 3622 951 3676 Sana
967 3623 1023 3673 Bos
1041 3638 1108 3675 ano-

74 3690 180 3742 malum
197 3707 300 3742 nomen
318 3697 366 3741 est.
400 3690 472 3740 Nam
490 3689 536 3740 hic
555 3691 621 3755 bos,
637 3699 664 3743 et
682 3710 696 3742 o
716 3694 766 3743 bos
782 3692 956 3762 producitur:
975 3690 1108 3742 sicut'his
1196 3702 1199 3709 '

77 3760 182 3823 dubus,
214 3767 244 3813 at
268 3760 302 3808 ab
327 3758 374 3808 his
402 3758 522 3817 liulius.¹
547 3759 620 3809 Nam
649 3761 749 3828 reliqui
773 3776 869 3815 ornnes
893 3775 970 3811 casus
993 3759 1108 3821 breuem
1185 3792 1189 3813 .

76 3827 184 3880 habent
195 3827 327 3896 syllabam
344 3827 522 3897 primam-
557 3827 748 3895 87..Prppter,·
766 3830 846 3880 iuxta.
882 3828 1014 3890 Perd·ito,·
1033 3843 1110 3877 amo·

76 3912 107 3948 re
122 3905 293 3965 consumpta.
310 3922 345 3936 -
379 3903 422 3954 88.
438 3895 531 3963 [Serae
549 3899 677 3948 meminit
695 3899 820 3948 decedere
838 3900 930 3962 nocte]
955 3898 974 3947 i.
992 3913 1015 3946 a.
1033 3903 1109 3948 tene-

75 3963 142 4016 brae
166 3965 244 4016 illam
269 3962 423 4032 occupant]
440 3989 476 4002 -
517 3968 560 4021 89.
581 3964 642 4018 Neo
665 3968 704 4016 sit
729 3966 800 4016 mihi
825 3982 893 4016 euro
918 3964 1036 4028 mederi;
1061 3971 1110 4019 aut

75 4034 162 4088 nolim
177 4034 207 4088 ei
223 4033 340 4105 magicis
357 4033 465 4095 usibus
479 4031 639 4091 tultveuite:
657 4042 708 4088 aut.
721 4035 811 4092 nolim
822 4050 890 4090 oum
907 4031 968 4108 ipso
978 4047 1110 4088 courum«
