2430 4620
142 327 206 394 aot
299 296 302 301 ’
395 302 534 381 sanvn
558 310 918 378 commentarius

145 503 248 571 Tauri,
269 501 343 573 quod
360 508 424 553 ortu
441 516 491 552 ano
508 500 592 552 efficit
614 500 731 572 pluries:
755 497 827 550 trude
850 496 944 550 aenae
968 495 1046 564 ipsae
1063 493 1179 564 Hyades

145 581 293 635 romanu,
315 567 371 625 let
388 568 439 624 eoi»
457 566 534 623 irrui
558 586 625 637 quas
643 568 740 627 Latini
757 564 877 651 [exinde]
893 566 1004 618 Suculae
1028 566 1181 633 appellave-

144 650 218 697 runt.
257 640 328 709 [Alii
351 639 461 707 hyadas
485 656 501 690 a
526 641 629 710 porcis,
653 653 721 706 quas
745 635 848 686 (rraesi
872 627 901 688 is
924 635 1032 696 dicunt,
1060 652 1077 684 a
1103 632 1180 685 nobis

145 727 207 765 met
223 709 412 780 appellantur,
436 723 491 759 non
510 725 525 759 a
544 706 654 776 pluviis,
678 721 745 773 quas
763 699 855 756 levois
872 711 984 765 vocant,
1007 704 1095 757 dictat
1112 701 1182 753 acei-

146 780 234 850 piuut
267 778 342 829 Nam
358 777 420 827 ideo
438 784 467 827 et
484 776 601 826 suculas
619 774 708 825 dicia
731 774 832 824 suibus.
866 775 924 826 Hae
948 773 1065 824 suntin
1090 773 1181 824 fronte

146 848 230 911 tauri,
245 845 276 898 iu
292 849 414 898 formam
431 845 454 899 Y
471 844 577 896 literae.
611 841 689 895 L'nde
707 844 792 893 etiam
808 841 902 893 ladas
919 840 973 894 dici
990 840 1093 892 volunt
1127 841 1180 890 Has

147 915 194 971 alii
210 922 333 984 septem,
356 913 403 965 alii
420 913 542 982 quinque
560 912 654 964 dicunt
677 911 719 961 his
736 911 910 975 nominibus,
932 911 1033 976 Pytho,
1050 909 1182 978 Synecho,

68 1000 71 1009 '
147 982 272 1048 Baccho,
294 982 411 1045 cardie,
435 981 544 1047 Nisaia]
585 980 752 1046 Clarumque
776 978 922 1047 Lycaonis
940 982 1059 1039 Arctum
1076 978 1181 1029 Elicem

148 1053 231 1119 dicit,
253 1051 273 1104 i.
289 1070 314 1104 e.
338 1052 476 1103 maiorem
493 1051 730 1117 Septentrionem:
753 1066 820 1101 nam
844 1050 935 1101 urinor
952 1049 1095 1116 Cynosura
1117 1045 1181 1096 dici·

147 1129 210 1186 tart,
232 1118 367 1188 Lycaonia
385 1128 493 1182 autem,
515 1118 643 1171 subaudis
666 1117 768 1180 filiam,
792 1125 823 1168 ut
838 1120 878 1183 (Α.
895 1122 927 1179 6,
945 1118 1014 1179 36.):
1038 1114 1181 1183 Deipbole

152 1189 263 1241 Glauci.
298 1187 408 1256 Lycaon
428 1189 505 1240 euim
520 1203 568 1240 rex
581 1187 714 1239 Arcadiae
732 1186 831 1238 habuit
852 1186 938 1237 filiam
954 1185 1073 1247 calisto,
1098 1199 1181 1251 quam

149 1274 216 1311 cum
233 1256 591 1324 aunsetluppiter,1uno
608 1255 638 1307 in
657 1270 749 1307 urtam
765 1255 911 1309 convertit:
936 1262 964 1306 et
980 1262 1075 1324 postea
1092 1252 1183 1320 luppi-

151 1334 195 1379 ter
234 1325 380 1379 miseratus
416 1327 445 1376 in
480 1328 591 1392 signum
626 1320 842 1393 [septentrionis
875 1319 1010 1386 coeleste]
1038 1321 1184 1375 transtulit.

150 1394 278 1514 &laram
301 1409 385 1462 ergo,
407 1401 519 1458 notam,
543 1400 573 1442 ut
596 1394 647 1457 (5,
663 1392 752 1453 4‘l5.):
776 1402 844 1444 taus
867 1410 882 1444 o
911 1392 1072 1443 clarissime
1088 1391 1183 1461 frater

174 1463 296 1527 andare,
318 1463 361 1514 vel
403 1463 447 1515 uia
472 1477 528 1512 non
552 1460 596 1513 vel
619 1476 761 1528 nunqnam
785 1461 899 1525 occidit,
920 1461 982 1512 ideo
999 1461 1118 1519 cluam,
1142 1458 1185 1510 vel

151 1533 216 1602 quia
232 1530 288 1584 illic
304 1530 360 1583 alia
375 1547 392 1581 o
413 1531 519 1582 scurior
537 1538 584 1584 est.
603 1555 632 1566 -
672 1534 732 1586 139.
752 1529 824 1580 Tum
843 1531 952 1597 laqueis
971 1542 1081 1597 captare
1091 1528 1185 1599 feras,

117 1642 127 1683 p
154 1613 181 1655 et
203 1599 305 1670 fallere
330 1603 408 1651 aissa
434 1599 600 1662 Inventum,-
623 1599 761 1668 [captare,
784 1615 920 1668 occupare
944 1598 1027 1661 velle,
1053 1597 1091 1664 et]
1113 1613 1185 1649 uuus

151 1684 244 1723 sensus
267 1676 310 1720 en
330 1668 429 1721 divisus
452 1667 659 1737 interpositione
682 1666 802 1718 alterius.
835 1669 907 1719 liam
924 1665 1051 1741 Laqueis
1075 1679 1185 1735 captare

148 1738 236 1809 feras
256 1737 292 1789 ad
314 1736 490 1789 venationem
516 1737 649 1805 pertinet,
672 1736 690 1786 i.
714 1754 739 1787 e.
762 1736 914 1805 illaqueare
936 1738 1010 1790 ieras
1036 1736 1184 1789 incurratis

153 1804 314 1861 arboribus:
339 1803 448 1857 Fallere
474 1806 565 1870 visco,
589 1802 625 1855 ad
647 1804 804 1872 aircupium.
844 1806 915 1858 Item
938 1804 973 1858 ed
997 1805 1185 1859 renationem:

154 1877 190 1929 Et
207 1892 326 1942 magnos
344 1875 465 1924 canibus
483 1875 658 1924 circumdare
676 1875 775 1927 saltus.
810 1872 886 1928 Male
903 1882 999 1929 autem
1017 1875 1052 1926 de
1070 1876 1184 1951 aucupio

152 1944 267 2015 quddam
283 1943 359 2011 [hoe]
377 1951 524 2012 respuunt,
547 1950 638 1992 totum
655 1944 808 1994 relerentes
825 1944 860 1995 ad
883 1943 1073 2009 venationem:
1096 1952 1126 1995 et
1148 1943 1185 1999 di·

153 2019 229 2078 ouant,
243 2009 352 2063 Fallere
370 2015 447 2062 visco
466 2026 516 2079 pro
533 2011 711 2063 visceratione
728 2011 855 2081 positum.
889 2012 1004 2064 Constat
1018 2012 1098 2065 euim
1113 2013 1186 2084 lupa·

153 2081 210 2135 rios
226 2080 357 2132 carnibus
375 2080 467 2131 tinctis
483 2094 588 2131 veneno
606 2079 683 2145 lupos
700 2094 816 2141 necare,
839 2081 912 2149 qnod
937 2080 1000 2133 ideo
1016 2096 1075 2134 non
1092 2099 1186 2151 proee-

154 2149 210 2213 dit‚
233 2149 296 2218 quia
315 2147 367 2199 boo
386 2148 510 2212 viscata,
527 2148 614 2198 huius
632 2149 721 2209 visci,
743 2149 824 2213 iacit,
847 2150 917 2203 sicut
934 2148 1069 2218 templum
1087 2151 1186 2217 templi.

154 2217 234 2269 Unde
258 2224 298 2267 est
320 2217 368 2278 (et)
388 2214 498 2267 'Fallere
525 2220 609 2266 visco.
655 2215 755 2267 Viscus
778 2233 857 2281 vero,
880 2219 898 2269 i.
917 2237 940 2270 e.
963 2235 1047 2286 caro,
1069 2220 1184 2271 visceris

154 2285 237 2347 facit,
261 2293 292 2335 ut
312 2301 412 2352 pesas,
435 2287 553 2352 peeoris.
600 2285 636 2335 Et
659 2285 681 2336 si
708 2285 742 2336 de
769 2302 853 2338 carne
877 2287 1059 2354 loquebatur,
1085 2291 1185 2340 viscere

155 2354 251 2406 debuit
269 2353 368 2404 dicere.
402 2353 557 2403 Lucretius:
577 2351 734 2404 Permixtas
752 2359 857 2410 viscere
874 2359 1004 2424 sanguis.
1039 2356 1183 2427 Itemipse

156 2427 200 2488 (1,
216 2422 302 2481 82l7.):
329 2422 429 2471 Viscus
447 2424 544 2488 gigni,
562 2437 744 2490 sanguenque
762 2424 807 2490 (L.
826 2423 860 2474 R.
877 2426 937 2475 Vos.
954 2424 1182 2495 sanguinemque)

157 2492 256 2542 creari.
290 2491 394 2557 [Primo
418 2489 452 2541 de
476 2490 579 2553 stantis,
603 2499 631 2542 et
654 2492 762 2559 navigio
785 2492 911 2544 invento:
937 2502 1033 2560 postea
1057 2495 1092 2546 de
1109 2511 1183 2546 vena·

156 2559 232 2611 tione
256 2559 336 2610 dixit:
359 2575 432 2610 nunc
452 2557 490 2610 de
515 2558 695 2627 piscatoribus
716 2561 845 2626 loquitur.
889 2562 994 2613 Cuncta
1018 2563 1097 2614 enim
1120 2563 1183 2614 haec

154 2626 300 2682 necessitas
317 2625 440 2691 invenit]
458 2654 492 2664 -
528 2629 587 2683 lli.
605 2630 690 2695 Atque
709 2629 785 2678 alias
804 2630 892 2679 latram
908 2631 1002 2696 fanda
1021 2634 1080 2682 iam
1100 2633 1182 2682 uerie-
1208 2664 1213 2713 l

158 2708 217 2759 rat,·
245 2697 326 2763 [ordo
351 2704 391 2747 est
412 2697 470 2747 iam
493 2695 561 2746 alius
586 2703 614 2748 et
637 2695 742 2759 lunda]
777 2696 870 2748 Genus
887 2697 949 2765 [est]
965 2700 1032 2752 retis
1050 2701 1180 2751 dictuma
1208 2742 1212 2763 ,

156 2764 311 2827 fundendo,
334 2764 352 2815 i.
376 2783 399 2815 e.
422 2764 582 2827 reticulum,
607 2766 681 2831 quod
705 2764 803 2815 dicitur
824 2761 914 2833 stilos.
938 2794 972 2806 -
1022 2774 1085 2826 142.
1107 2770 1179 2836 [Alta
1207 2766 1211 2797 ²

157 2845 266 2902 petens;
290 2833 412 2885 nonnulli
437 2835 494 2884 alta
512 2845 606 2896 petens
625 2831 659 2882 ad
682 2834 767 2882 maris
785 2837 963 2904 pierationem
980 2839 1134 2906 applicant¹
1156 2843 1180 2887 ut
1210 2828 1215 2844 ⁴

156 2902 246 2972 prima
264 2917 340 2968 pars:
357 2902 450 2967 funda
471 2904 527 2950 iam
546 2902 671 2951 uerberat
690 2920 813 2966 amnem,
830 2904 952 2956 fluminis
969 2908 1083 2976 piscatio
1100 2908 1179 2959 videa·
1210 2896 1215 2910 ¹

157 2980 218 3021 tur:
243 2973 307 3020 Alta
332 2983 424 3034 petens
442 2972 593 3037 pelagoque
619 2971 693 3019 nlius
712 2972 798 3022 trahit
816 2970 931 3023 humida
957 2976 1035 3043 lina,
1058 2976 1094 3029 de
1118 2973 1179 3027 marl

158 3037 291 3102 direrit.]-
311 3038 411 3088 Trahit
427 3038 543 3089 humida
563 3041 641 3099 Ιίνιιις
666 3042 845 3093 everriculum
863 3043 1003 3110 significat.
1038 3046 1085 3114 [Et
1102 3045 1178 3096 trabit

158 3114 247 3171 recte,
271 3106 334 3173 quia
352 3107 404 3157 hoc
421 3123 509 3175 genus
525 3103 728 3175 retialisagum
755 3109 883 3174 vocatur]
900 3137 933 3149 ·-
969 3120 1029 3171 143,
1049 3112 1130 3165 Ferri
1147 3117 1177 3165 η’.
1203 3150 1211 3173 ,1

180 3192 227 3237 or,-
251 3175 364 3225 durities
388 3175 481 3242 [ierri‚
505 3175 577 3227 unde
601 3193 679 3227 enses
703 3177 786 3244 rigidi
803 3177 908 3230 fierent.
944 3181 1022 3234 Unde
1040 3192 1068 3234 et
1085 3183 1178 3250 rigidus
1206 3198 1211 3233 ·,

158 3193 245 3295 bomo
262 3241 381 3306 dicitur]
414 3244 534 3310 Argutae
550 3259 658 3306 serrae;
675 3247 814 3312 stridulae,
831 3263 955 3312 sonorae,
972 3253 1013 3317 [ut
1030 3252 1089 3316 (ini.
1102 3251 1178 3310 ml:
1199 3248 1205 3257 '

160 3324 262 3378 arguto
280 3309 405 3377 pectine]
440 3313 475 3362 Et
498 3312 598 3364 dicitur
614 3313 725 3378 Perdix,
749 3317 850 3367 sororis
867 3317 981 3369 Daedali
1004 3319 1091 3384 iilius,
1116 3320 1179 3371 inve·

158 3379 231 3432 uisse
241 3379 384 3430 ‚circinum
402 3388 430 3429 et
445 3396 571 3433 serram:¹
583 3381 638 3449 [cui
655 3384 786 3450 magister
803 3385 935 3450 invidens,
950 3388 1024 3455 quod
1043 3387 1179 3441 melioria

159 3447 214 3500 hoc
230 3449 325 3500 inisset
340 3448 480 3513 inventus,
502 3468 537 3501 ne
556 3450 634 3519 plura
656 3453 819 3504 inveniendo
842 3454 953 3505 laudem
972 3456 998 3508 ei
1014 3457 1180 3524 infringeret,
1211 3454 1215 3510 1

98 3551 102 3558 -
161 3515 234 3583 apud
251 3514 369 3566 Athenas
391 3533 421 3567 ex
439 3535 503 3570 arce
519 3518 662 3573 Minervae
686 3523 972 3591 eum‘praecipitavit.
1005 3525 1125 3577 Lamina
1140 3541 1180 3575 au·
1209 3562 1212 3567 -

159 3592 217 3636 tem
233 3600 341 3648 serrae,
364 3582 494 3636 delinitio.
511 3613 545 3624 —-
581 3594 641 3647 144.
658 3589 827 3641 Scindehant
844 3592 941 3660 fissile
965 3594 1093 3660 lignum
1117 3589 1181 3660 quod
1210 3616 1213 3621 ·

127 3715 129 3721 ¹
160 3652 227 3704 liudi
245 3660 344 3721 potest,
368 3660 416 3703 aut
436 3654 585 3706 scindendo
608 3657 689 3711 fissile
711 3659 864 3727 iaciebant,
889 3669 936 3713 aut
959 3661 998 3713 ibi
1021 3662 1181 3718 scindebant,

160 3721 209 3773 ubi
224 3720 305 3772 fissile
323 3730 390 3774 erat.
406 3747 440 3759 ··
475 3727 535 3780 145-
555 3723 627 3774 Tum
646 3731 743 3778 variae
759 3747 857 3781 venere
876 3742 963 3794 artes3
983 3747 1014 3782 ex
1030 3732 1181 3784 necessitate
1214 3732 1215 3741 ¹

124 3915 133 3942 ἱ
187 3885 239 3939 143)
267 3890 292 3928 G.
306 3889 380 3928 Perdix
395 3888 504 3939 discipulus
518 3891 605 3930 Daedali
618 3906 684 3932 serrae
698 3908 755 3933 usura
770 3897 942 3945 primus-invenit,
956 3900 988 3938 eui
1002 3907 1040 3940 ate.
1068 3901 1181 3951 Postprae·

244 3950 337 3996 eipslaor'e
357 3946 449 3985 additur:
479 3947 517 3985 Hie
538 3955 568 3987 est
586 3950 659 3988 sororis
679 3951 720 3989 eiua
740 3952 803 3999 lilius,
823 3956 856 3994 vol
876 3964 958 4006 propter
973 3970 1032 4007 quem
1046 3957 1137 3996 Minoem
1154 3954 1182 4004 (sd

242 4003 301 4051 Min.)
320 4003 375 4052 fugit.
397 4004 515 4042 aMinerva
536 4017 591 4042 avem
612 4006 715 4045 Perdioern
737 4016 834 4048 emutatus
856 4011 891 4062 (ia
909 4025 941 4052 av.
955 4015 978 4053 P.
999 4015 1151 4063 unumunurm)
1167 4017 1183 4048 σί

240 4060 286 4111 quia
299 4059 441 4110 praecipitatus
456 4060 630 4106 saeuientem
645 4077 685 4101 non
700 4071 767 4114 potest
781 4069 857 4108 volare.
