2452 4626
215 292 254 334 ns
278 272 438 335 vinum.
462 270 636 334 aunum.
657 268 739 333 ΠΒ.
760 269 833 345 llll,
855 276 1006 340 13-24.
1092 280 1135 340 ⁶7

95 461 214 526 pepigere
230 470 363 509 recusent
379 458 505 524 iungunt,
521 475 558 509 ne
574 456 597 508 si
612 455 752 509 distincn'o
766 455 961 520 intercesserit,
976 456 1137 524 languescat

99 529 245 580 sententiae
271 527 357 579 color.
394 527 515 595 Concipe
536 526 639 594 foedus
646 549 656 588 ,-
678 526 698 577 i.
715 544 739 577 e.
762 525 902 592 conceptis
925 525 1021 576 verbis.
1063 524 1135 577 Con·

102 610 163 663 cepta
178 604 283 648 autem
302 597 386 646 verta
405 595 532 646 dicuntur
556 594 665 646 iurandi
683 593 818 658 formula,
843 610 928 662 quam
950 593 1029 647 nobis
1046 600 1135 646 trans·

98 666 163 734 gredi
185 681 250 718 non
274 664 349 717 licet.
384 666 456 715 Nam
475 674 502 716 et
523 664 706 715 sarcinatores
731 667 876 728 concipere
900 663 1029 715 dicuntur
1052 664 1135 713 vesti·

96 748 195 798 mento,
221 749 293 784 cum
311 752 327 786 e
345 735 449 784 diverso
474 734 645 800 coniungunt
668 741 696 783 et
719 730 856 795 adsuunt]
872 759 907 769 -
942 737 984 789 15.
1002 730 1133 783 Deserto-

96 821 145 854 rem
168 805 278 866 Asiae,
306 803 429 855 exulem:
453 810 483 853 ut
506 807 556 868 (7,
579 801 663 862 359.);
693 800 872 852 Eculibusne
896 801 981 851 datur
1006 801 1135 855 ducenda

94 872 214 922 Lavinia
235 871 383 922 Teucris?
409 871 479 923 unde
502 877 544 923 est
566 868 718 937 praemissa
738 869 786 921 illa
803 870 954 934 excusatio,
979 876 1007 920 et
1029 869 1059 920 in
1076 877 1136 922 tote

95 941 201 992 soeundi
226 941 413 1002 oeconomia,
436 947 465 992 et
487 940 518 991 in
540 947 640 1006 quarto
664 937 714 989 ubi
736 936 802 989 dicit
827 941 924 1003 (340.):
948 937 995 988 Me
1020 941 1054 988 si‘
1066 937 1134 1006 foto

96 1013 158 1060 meis
173 1022 347 1077 paterentur
366 1011 464 1059 ducere
480 1010 568 1061 uitam
586 1007 749 1074 Auspiciis,
771 1017 797 1056 et
814 1020 910 1072 sponte
929 1024 1005 1057 meos
1024 1023 1134 1074 compo-

97 1096 154 1129 nere
170 1096 278 1144 curas,
307 1077 408 1129 Urbem
428 1070 583 1129 Troianum
601 1081 740 1144 primum,
763 1075 912 1142 dulcesque
938 1092 1063 1127 meorum
1080 1076 1143 1135 ile<

99 1149 198 1214 liquiss
214 1138 351 1201 colerem.
386 1146 539 1214 [Sanedut
562 1144 617 1196 hoo
634 1144 819 1196 Dardanium
838 1144 936 1196 dextra
954 1145 1005 1195 sul
1025 1157 1135 1196 tortora

105 1222 207 1268 miscear.
241 1216 380 1267 Ponenda
395 1222 436 1269 est
447 1230 528 1268 mora
541 1221 572 1266 ut
583 1222 680 1282 postea
692 1214 829 1266 inieratm
842 1212 1017 1265 Desertorem
1033 1214 1135 1279 Asiae}

104 1293 183 1351 potest
195 1286 277 1337 enim
295 1283 385 1336 videri
400 1300 456 1336 non
472 1284 512 1337 ita
528 1283 675 1336 instituisse
692 1283 803 1333 Turnus
819 1283 976 1337 orationem
995 1285 1135 1352 praedicto

103 1353 297 1419 Dardanium,
317 1362 347 1404 ut
363 1353 481 1404 inferret
497 1355 677 1418 desertorem,
692 1351 740 1403 sed
761 1367 867 1417 regem:
892 1368 987 1403 uerum
1006 1353 1053 1403 ubi
1090 1368 1136 1403 ro·

97 1423 153 1489 pius
167 1423 303 1486 accessit,
327 1422 489 1474 intellexisse
512 1423 587 1474 hunc
604 1421 741 1478 honorem
757 1420 878 1473 nominis
896 1421 969 1491 eius,
994 1438 1051 1472 non
1070 1371 1136 1473 dan·

95 1492 169 1543 dum:
197 1491 301 1560 itaque
334 1501 517 1543 commutasse
547 1499 576 1543 et
599 1488 797 1540 contumehose
821 1490 987 1540 desertorem
1020 1487 1136 1554 dixisse]

97 1559 420 1627 Sedeant,¹spectensque
437 1558 538 1610 Latini
544 1580 553 1625 ;
571 1558 728 1626 [invidiose,
744 1572 813 1608 nam
823 1573 924 1610 *sensus
940 1567 981 1610 est
997 1558 1021 1623 t]
1039 1561 1135 1610 ductus

97 1636 199 1749 mt
215 1629 343 1680 diximus
359 1645 441 1697 supra
460 1628 541 1696 [aliis]
559 1627 683 1695 (aliun
702 1627 809 1677 dictum
827 1640 882 1691 est,
908 1641 938 1677 ut
956 1628 982 1678 d.
1000 1628 1040 1688 s.).
1073 1627 1135 1681 Pul·

175 1751 184 1759 ,
204 1697 305 1763 enim,
328 1714 358 1748 se
381 1697 513 1765 singulari
529 1697 682 1748 certamine
700 1694 835 1747 dimicare
858 1696 941 1763 velle,
963 1696 1029 1747 cum
1051 1696 1135 1748 nolit:

97 1780 154 1816 asin
173 1765 290 1832 dicens,
316 1767 447 1831 sedeant,
473 1777 646 1833 spectentque
662 1762 781 1816 Latini.-
804 1763 923 1817 latenter
946 1779 993 1818 eos
1010 1765 1135 1832 ignaviae

97 1835 196 1903 arguit,
221 1835 304 1904 quod
327 1835 399 1885 solus
424 1835 552 1887 omnibus
576 1833 783 1902 quiescentibus
806 1832 935 1884 dimicet:
965 1850 1050 1902 quem
1072 1850 1135 1887 rem

98 1903 198 1970 plenius
215 1920 342 1972 sequens
366 1902 469 1955 indicat
485 1919 590 1956 versus:
613 1901 649 1953 Et
666 1902 746 1953 solus
763 1901 845 1970 ferro
864 1905 970 1953 crimen
989 1919 1135 1955 commune

101 1972 230 2040 refellam,
248 1975 318 2038 i.e.‚
334 1988 484 2026 commune
499 1974 583 2039 fugae
601 1986 633 2021 ac
651 1970 759 2021 timoris
776 1970 893 2025 dedecus
910 1972 982 2024 solus
998 1974 1069 2025 meis
1083 1973 1136 2023 vir·

101 2041 194 2092 tatibus
211 2040 415 2111 comprimam.
448 2041 512 2109 [Alii
530 2045 635 2092 crimen
654 2055 816 2104 commune,
839 2041 858 2091 i.
875 2060 899 2093 e.
916 2040 1043 2093 omnium
1060 2041 1136 2093 Lati

98 2125 220 2160 norum.
235 2117 269 2162 et
291 2111 398 2160 crimen
422 2110 476 2176 ait„
500 2109 573 2178 quod
597 2109 713 2162 Troiani
734 2109 765 2159 in
790 2108 869 2161 Italis
892 2110 1083 2161 consederunt.
1100 2135 1135 2148 -

99 2186 131 2234 17.
147 2179 205 2228 Aut
223 2179 334 2229 lrabeat
358 2182 462 2241 vict0s;
486 2178 578 2230 vitavit
601 2184 716 2249 propter
739 2192 823 2229 omen
845 2178 997 2248 pessimum
1019 2178 1136 2229 verbum

96 2247 189 2311 dese,
214 2248 295 2316 quod
314 2246 347 2298 de
365 2249 456 2300 Aenea
472 2248 593 2299 dixerat:
618 2247 672 2298 Ille
697 2263 739 2298 me
763 2249 796 2298 in
812 2258 922 2298 tortora
949 2251 1048 2299 mittat.
1082 2245 1137 2299 Sed

96 2317 129 2365 sit
149 2316 260 2368 Victor.
297 2315 383 2365 Cedat
400 2314 527 2368 Lauinia
546 2319 668 2380 conium
693 2321 725 2365 ut
741 2320 799 2379 (11,
817 2316 908 2378 321.):
933 2316 1019 2367 Cedat
1036 2308 1136 2368 omici-

96 2388 146 2434 ts’ne
166 2385 363 2448 Teucrorum,
388 2384 406 2435 i.
423 2403 446 2436 e.
470 2386 501 2437 in
524 2387 683 2455 praemium
703 2384 835 2435 victoriae
855 2384 1007 2451 concedat]
1024 2413 1057 2423 —
1095 2391 1136 2442 18.

94 2453 191 2505 Sedato
211 2455 317 2514 corde;
340 2453 405 2520 quia
428 2454 462 2506 ds
480 2455 575 2505 Turno
599 2455 653 2519 ait,
677 2453 763 2520 Atque
781 2454 822 2503 ita
839 2455 972 2506 turbidus
990 2455 1070 2525 infit:
1096 2457 1138 2522 [et

96 2524 262 2588 qtmlitatem
281 2522 413 2572 orationis
437 2523 579 2592 praedixit.
613 2524 666 2574 Pro
684 2523 784 2574 decore
802 2525 899 2574 aetatis
923 2525 1062 2577 inducitur
1080 2540 1136 2574 ser-

96 2606 152 2653 mo,
170 2593 228 2643 hoc
247 2598 306 2655 est,
325 2590 397 2657 quod
415 2591 551 2660 praecipit
566 2592 695 2643 Horatius
712 2591 740 2642 in
759 2592 824 2642 Arte
841 2595 950 2660 poetica
967 2594 1065 2655 still:
1090 2592 1136 2643 ln·

96 2664 186 2711 ureris
205 2661 331 2709 multum
351 2658 486 2710 Davusne
505 2661 654 2726 loquatur,
677 2676 715 2710 on
740 2658 837 2722 iseron-
862 2673 1026 2712 maturusne
1044 2678 1138 2727 senex,

96 2747 128 2778 sn
143 2729 241 2779 adhuc
253 2728 380 2797 florente
397 2730 512 2779 iuventa
526 2728 684 2799 Fervidus]
697 2755 729 2765 —
767 2733 808 2785 19.
827 2728 853 2780 Ο
868 2745 1016 2796 praestans
1030 2732 1138 2793 animi3

95 2807 118 2848 st
134 2811 294 2866 praestans
319 2799 441 2861 virium,
465 2806 493 2849 et
517 2811 666 2863 praestans
692 2798 803 2848 viribus
825 2798 952 2856 dicionis,
985 2801 1056 2853 Saue
1079 2820 1139 2853 me·

96 2882 163 2933 gnae
180 2865 387 2918 moderationis
402 2875 442 2917 est
455 2867 525 2918 haec
540 2867 637 2920 oratio.
672 2866 745 2917 Nam
762 2873 789 2917 et
800 2865 895 2919 laudat
908 2870 1044 2935 Turnum,
1061 2873 1139 2940 quasi

96 2950 183 2988 nrum
202 2938 328 2988 fortem:
352 2942 491 2986 ettamen
508 2951 575 2986 eum
599 2954 616 2988 a
640 2934 773 3003 singulari
795 2939 950 2990 certamine
966 2940 1138 2993 dehortatiu.

96 3002 194 3058 Dicens
212 3004 295 3056 enim
312 3015 462 3070 praestans
480 3007 587 3069 animi,
603 3005 721 3056 latenter
739 3003 871 3072 ostendit,
893 3022 958 3058 eum
975 3009 1141 3062 inferiorem

98 3092 149 3127 esse
174 3075 293 3125 virtute.
311 3098 345 3108 —
385 3080 429 3130 21.
456 3072 615 3141 dependere
641 3089 741 3134 casus;
764 3076 858 3127 ne'ex
881 3076 999 3158 abrupto
1023 3078 1058 3130 de
1082 3081 1141 3132 eius

98 3144 193 3197 virtute
218 3143 374 3211 desperare
395 3141 536 3207 videatur,
558 3158 673 3194 casuum
698 3141 860 3197 varietatem
886 3162 915 3197 se
940 3153 1042 3198 timere
1066 3164 1141 3199 com·

98 3211 303 3264 memorat.'—
340 3218 383 3267 22.
400 3209 472 3260 Sunt
496 3212 550 3261 tili
574 3221 641 3269 etc.;
668 3212 778 3278 [argute
802 3221 888 3278 negat
909 3214 951 3267 illi
974 3232 1022 3268 usa
1045 3233 1141 3287 regne,

100 3281 190 3333 dicens
208 3281 234 3330 ei
256 3294 318 3330 estc
335 3279 405 3343 alia,
428 3288 460 3329 ut
476 3279 547 3331 hacc
563 3280 642 3333 nialit
660 3279 770 3330 Turnus
787 3297 858 3346 quae
875 3299 923 3333 sua
937 3285 1040 3347 ,virtute
1059 3302 1141 3354 quac·

100 3349 160 3400 sirit
197 3346 302 3399 Sensus
328 3361 396 3413 ergo
421 3346 495 3412 ests]
519 3347 546 3399 Si
570 3356 684 3418 propter
708 3362 833 3414 regnum
853 3350 988 3404 dimicare
1013 3353 1143 3425 disponis,

101 3416 180 3469 labes
205 3426 376 3486 paternum:
403 3415 427 3465 si
470 3424 567 3485 ropter
590 3417 725 3484 gloriam,
752 3418 853 3468 multos
876 3419 976 3474 virtuto
1000 3425 1144 3491 superasti.

103 3485 175 3553 Quod
203 3494 305 3538 autem
325 3484 406 3535 dicit:
461 3502 490 3539 ec
515 3503 574 3538 non
598 3501 757 3552 aurumque
782 3489 951 3556 animusque
969 3487 1075 3542 Latmo
1095 3505 1143 3558 est,

106 3557 179 3606 rerie¹
187 3554 348 3623 exponitur.
383 3552 511 3622 Namque
534 3555 582 3607 alii
599 3553 709 3621 dicunt,
733 3553 818 3606 hebes
841 3573 961 3624 regnum
987 3568 1143 3626 paternum,

108 3620 182 3673 habes
200 3623 324 3690 oppida:
350 3623 437 3673 etiam
461 3641 479 3675 a
494 3640 540 3675 me
564 3624 650 3678 habes
668 3638 767 3676 aurum
793 3632 821 3675 et
838 3635 998 3694 promptum
1016 3630 1144 3683 animum

113 3691 138 3740 sd
153 3693 243 3743 danda
263 3689 362 3742 omnia
378 3699 490 3760 praeter
506 3692 603 3756 filiam,
620 3696 663 3761 [ut
679 3693 758 3744 de'se
776 3693 889 3746 Latinus
907 3696 1003 3747 dixisse
1021 3698 1143 3752 videatur

115 3757 232 3823 isauro,
251 3766 373 3830 propter
390 3760 458 3812 illud
475 3767 536 3826 (11,
552 3762 639 3823 213.):
664 3759 834 3814 Praedivitis
855 3765 921 3814 urbe
939 3761 1059 3830 Latini]
1092 3767 1145 3818 Alii

118 3839 166 3877 tero
180 3829 218 3880 sic
245 3828 425 3897 intelligunt,
450 3830 473 3880 si
497 3838 610 3901 propter
634 3847 699 3903 opes
722 3838 751 3882 et
775 3847 891 3883 tuorem
910 3833 1090 3888 dimicaturus
1108 3852 1145 3900 es,

121 3892 169 3945 lan·
185 3914 242 3949 non
262 3896 338 3947 solus
356 3896 461 3959 hubeo,
487 3898 641 3966 cuicunque
665 3899 741 3951 enim
759 3899 859 3951 Latino
883 3910 923 3950 est
945 3911 973 3951 et
996 3921 1093 3957 aurum
1118 3911 1146 3953 et

125 3965 206 4016 mimus
225 3973 375 4036 promptus
398 3965 428 4016 in
445 3982 594 4034 generum:
618 3977 649 4018 ut
666 3967 771 4018 Latino
797 3986 852 4020 non
879 3969 912 4020 de
937 3971 1072 4037 sedicet,
1095 3972 1146 4024 sed

128 4032 256 4104 uscunque
276 4034 311 4086 ds
330 4032 420 4086 Latio.
440 4062 475 4074 --
508 4038 554 4097 24.
570 4033 672 4111 Latio,
696 4049 721 4088 et
737 4035 932 4093 Laurentibus
950 4042 1046 4103 arvis,·
1072 4048 1100 4092 et
1116 4040 1145 4092 in
