2430 4620
269 295 304 336 ru
327 274 484 350 VIRGIL.
498 275 666 341 'GEORG
683 277 722 349 ,1,
744 281 892 346 19-21.
1033 283 1098 347 175

1093 385 1100 418 p
1184 382 1189 401 Ι

56 463 100 515 19.
130 458 262 525 Uncique
285 478 363 533 ,puer
394 473 566 512 monstrator
596 462 688 512 aratri
696 483 706 524 ,·
736 458 783 510 alii
806 459 1023 530 Triptolemum,
1052 463 1100 517 alii

56 530 167 579 Osirim
193 531 303 589 volunt;
326 531 399 597 qimd
425 532 514 597 magis
537 547 632 591 verum
656 539 709 594 est,
731 531 774 595 [ut
796 529 862 579 dicit
877 532 1035 599 Propertitu
1057 530 1101 585 vel

54 596 208 661 Tibullus]
242 599 314 649 Nam
332 600 520 665 Triptolemus
543 600 686 651 frumenta
709 596 806 648 divisit.
842 598 933 666 [Quod
955 617 1056 653 munus
1072 602 1100 654 ei

56 666 148 719 Ceres
173 666 253 719 dedit
276 675 390 736 propter
413 668 617 731 humanitatem
642 667 727 736 patris
750 665 837 728 icari,
861 669 908 734 qui
932 686 1010 734 eam,
1032 678 1099 723 c'um

55 734 262 802 Proserpinam
285 744 397 804 captam
421 737 514 803 (rapt.)
538 739 567 787 in
589 736 749 804 coniugium
772 752 789 786 a
806 735 921 788 Plutone
945 747 1101 806 quaereret,

55 803 84 859 in
101 807 200 855 Attica
223 810 342 874 suscepit
363 806 501 875 hospitio]
536 806 611 857 Bene
634 815 728 858 utitem
750 803 837 854 tacuit
859 805 893 856 de
916 807 1045 873 nomine,
1070 816 1101 861 et

56 874 235 938 generaliter
252 873 292 925 ait
307 892 394 941 puer,·
413 892 479 926 nam
495 890 551 926 non
569 890 639 926 unus
656 881 781 926 aratrum
798 880 857 925 toto
876 875 943 927 orbe
960 882 1099 928 monstra·

56 941 108 1006 vit,
132 941 186 993 sed
204 943 303 994 diversi
327 944 356 994 in
374 944 485 996 diversis
508 943 583 996 locis.
616 944 678 1012 [Alii
701 942 786 993 talem
803 941 837 993 de
853 943 907 994 hoc
925 944 1099 1014 Triptolemo

56 1010 188 1063 tabulam
213 1012 341 1063 tradunt:
364 1012 448 1064 Ceres
471 1030 536 1064 cum
560 1010 757 1079 Proserpinam
779 1010 865 1064 filiam
890 1022 1037 1080 quaereret
1057 1012 1100 1067 bd

56 1079 224 1135 Eleusinum
241 1087 339 1148 regem
356 1081 476 1148 devenit,
497 1083 574 1132 cuius
591 1097 659 1131 uxor
677 1080 805 1149 Cyntinia
828 1082 947 1149 pueru'm
964 1082 1101 1152 Triptole-

61 1162 139 1198 mum
163 1152 330 1218 pepererat,
358 1167 441 1219 seque
464 1151 603 1203 nutricem
633 1151 714 1218 pueri
739 1165 836 1201 amore
859 1151 941 1204 dlicta
963 1151 1101 1205 simulavit
1178 1168 1181 1172 '

64 1219 193 1285 reginam
213 1217 262 1270 sed
278 1219 369 1269 nutrix
387 1233 499 1290 recepta
517 1235 582 1269 cum
602 1219 681 1270 vellet
697 1219 937 1275 alumnumsumn
953 1220 1100 1273 immorta-

64 1286 116 1339 lem
137 1287 263 1339 reddere
288 1288 412 1339 interdiu
437 1305 501 1340 eum
525 1288 595 1338 lacte
619 1287 709 1339 divino
728 1287 834 1352 alebat,
855 1296 939 1339 noctu
955 1289 984 1340 in
1002 1292 1099 1358 ignem

64 1355 132 1406 clam
152 1355 302 1409 obruebat.
336 1358 446 1425 ltaque,
471 1364 667 1435 praeterquam
683 1357 808 1409 solebant
824 1357 1100 1424 mortaliascrssae-

61 1424 114 1476 hat.
152 1424 185 1475 Id
204 1425 244 1483 sic
261 1425 322 1477 fieri
339 1441 404 1475 cum
429 1434 509 1493 pater
526 1426 728 1490 admiraretur,
752 1433 887 1478 nocturno
904 1434 1031 1497 tempore
1049 1429 1116 1480 obn
1138 1462 1140 1467 -

57 1493 193 1558 servavit,
215 1510 280 1545 cum
298 1497 383 1546 Ceres
400 1494 480 1546 vellet
499 1510 619 1562 puerum
641 1494 781 1547 incinere
799 1503 828 1546 et
849 1495 879 1545 in
899 1495 966 1563 igne
983 1494 1132 1549 abscon-‘⁸

58 1564 141 1626 dere,
159 1570 242 1629 pater
260 1562 432 1624 exclamavit,
455 1563 502 1615 illa
519 1564 590 1615 irata
606 1563 767 1615 Eleusinum
786 1563 954 1617 exanimavit.
988 1565 1100 1635 Tripto-

58 1632 136 1683 lemo
161 1632 277 1682 alumno
301 1647 351 1682 suo
374 1639 520 1684 aeternum
543 1631 709 1684 beneficium
732 1633 814 1685 dedit.
855 1632 928 1682 Nam
951 1633 986 1684 ad
1002 1635 1098 1703 fruges

58 1701 216 1768 portandas
238 1702 435 1770 (propagand.)
458 1717 572 1752 currum
597 1700 762 1752 draconibus
784 1701 884 1766 iunxit,
910 1703 1040 1770 deditque
1063 1698 1099 1770 ei,

59 1769 164 1838 quibus
180 1769 228 1821 ille
243 1778 336 1823 vectus
352 1770 452 1822 orbem
469 1778 608 1822 terrarum
625 1769 750 1837 frugibus
764 1769 899 1832 obseruit;
916 1787 1009 1838 quem,
1025 1780 1099 1841 pott-

59 1854 152 1906 quam
167 1838 284 1890 domum
300 1838 397 1901 rediit,
415 1854 478 1889 crim
497 1838 633 1909 Cephalus
650 1854 697 1889 rex
714 1839 870 1890 interlicere
887 1839 1029 1904 voluisset,
1046 1858 1098 1911 per

60 1907 274 1975 cognitai'iussa
292 1907 446 1972 (Muncker.
469 1907 532 1971 sed,
555 1924 587 1958 re
611 1907 735 1975 cognita,
757 1907 842 1968 iussu)
860 1906 968 1958 Cereris
987 1909 1098 1977 Tripto-

59 1977 137 2028 lemo
154 1991 276 2043 regnum
293 1975 420 2040 tradidit,
443 1975 491 2043 qui
509 1983 622 2044 accepto
639 1991 726 2043 regno
744 1975 874 2046 oppidum
891 1976 1046 2042 constituit,
1069 1986 1098 2032 et

62 2061 93 2096 ex
110 2045 201 2113 patris
217 2045 331 2104 nomine
349 2044 509 2096 Eleusinum
525 2045 691 2121 uopiinavit,
715 2044 866 2111 Cererique
890 2060 968 2096 sacra
991 2046 1098 2128 primus

61 2112 196 2178 instituit,
220 2130 290 2183 quae
313 2108 505 2182 θεσμοφόρια,
522 2107 638 2165 'Graece
655 2114 791 2164 dicuntur.
825 2115 912 2163 Varro
929 2112 963 2164 de
979 2117 1098 2167 stenima

63 2181 233 2249 originibus,
262 2183 306 2235 vel
334 2183 363 2235 iu
388 2184 510 2236 Scauros
534 2182 737 2249 Triptolemum
763 2181 832 2230 dicit
855 2179 995 2248 Nigidius
1013 2180 1098 2252 'ferae
1178 2232 1181 2237 .

10 2280 17 2291 ·
64 2252 231 2302 barbaricae
255 2253 306 2302 sub
332 2255 457 2320 virginis
482 2254 564 2319 signo
580 2252 596 2293 -*
613 2264 723 2315 orator,
752 2267 832 2317 quem
851 2250 949 2301 Orona
967 2252 1099 2320 Aegyptii

65 2330 184 2384 vocant3
212 2322 287 2385 quod
311 2321 391 2372 Oron
409 2323 539 2373 Osiridis
557 2320 657 2387 filium
682 2321 716 2370 ab
742 2319 794 2370 lios
815 2321 963 2369 educatum
988 2322 1097 2376 dicunt.

54 2388 138 2454 'Ergo
157 2387 245 2439 Osiris
268 2389 453 2456 sigidficatur,
476 2398 520 2454 ut,
546 2386 743 2458 Φιλοστέφανος
765 2395 828 2460 περὶ
851 2383 1026 2456 εὖρημάτων,
1054 2393 1097 2445 vel

66 2455 260 2524 Epimenides,
283 2458 331 2524 qui
356 2467 450 2527 postea
466 2458 588 2528 Buzyges
610 2461 698 2510 dictus
721 2467 775 2525 eat,
798 2460 949 2510 secundum
965 2461 1098 2514 Aristote-

66 2524 141 2591 lem]
159 2550 193 2562 —
212 2533 272 2583 ·20.
288 2526 323 2576 Et
340 2540 462 2578 teneram
486 2529 520 2578 ab
547 2531 640 2579 radice
660 2530 759 2598 serens
777 2528 897 2596 Sylvene
915 2544 1097 2598 cupressum,-

67 2593 193 2662 Sylvanus
210 2595 276 2647 deus
294 2602 334 2646 est
350 2595 491 2649 Silvarum.
525 2598 576 2649 Hic
594 2599 695 2650 amavit
718 2615 835 2668 puerum
853 2599 1029 2669 Cyparissum
1046 2614 1101 2650 uo··
1168 2610 1171 2617 ·

67 2663 156 2726 mine,
178 2664 226 2731 qui
244 2663 364 2716 habebat
380 2665 625 2718 mansuetissimam
642 2684 758 2719 cervam.
791 2668 869 2717 Hauc
887 2681 951 2716 cum
969 2665 1098 2734 Sylv'anus

68 2732 172 2783 nescius
191 2733 347 2797 occidisset,
370 2750 439 2804 puer
457 2742 498 2784 est
515 2736 647 2787 extinctus
664 2737 772 2788 dolore:
795 2751 879 2802 quem
903 2741 1012 2787 aniator
1029 2736 1096 2787 daur

67 2801 94 2851 in
111 2808 271 2868 cupresstun
288 2800 419 2854 arborem
437 2803 557 2856 nominis
574 2805 630 2855 eius
646 2800 734 2865 vertit,
751 2819 835 2870 quam
853 2819 903 2873 pro
920 2803 1015 2854 solatio
1032 2819 1097 2872 por·

10 2906 29 2917 .
68 2877 126 2921 tare
143 2869 251 2920 dicitur.
287 2869 373 2937 [Sane
397 2872 427 2922 in
443 2871 577 2923 Bucolicis
594 2873 678 2922 alium
696 2873 733 2924 illi
751 2873 877 2924 habitum
894 2872 970 2923 dedit
987 2872 1035 2937 (E.
1053 2878 1096 2940 10,

68 2938 136 2996 mil:
163 2937 246 2989 Venit
262 2952 288 2990 et
304 2944 419 3006 agresti·
434 2943 537 3005 capitis
555 2941 697 3008 Syloanus
721 2941 833 2993 honore.
871 2940 990 3008 Quidam
1007 2941 1096 3008 Sylva-

69 3024 134 3057 num
156 3007 281 3075 primum
306 3009 453 3061 instituisse
469 3009 649 3079 plantationes
667 3011 768 3062 dieunt.
784 3010 866 3060 *Ideo
884 3024 977 3060 tenera
996 3011 1031 3059 ab
1050 3028 1096 3061 ra-

71 3078 127 3126 dice
144 3081 255 3143 poetam
273 3077 376 3130 dixisse.
410 3080 451 3129 An
470 3080 504 3129 ab
525 3082 618 3130 radice
637 3092 745 3143 tenera,
767 3079 831 3148 quia
849 3095 929 3132 caesa
953 3095 1096 3150 cupressus

69 3145 165 3203 dieitur
189 3161 246 3197 non
269 3146 392 3211 renasci,
417 3147 486 3199 item
510 3149 642 3209 invalida,
665 3168 701 3201 an
726 3149 761 3201 ab
786 3147 879 3201 radice
903 3146 1035 3212 tenensi]
1059 3175 1096 3187 —-

10 3276 20 3283 ·
68 3220 108 3271 21.
126 3213 249 3280 Diluno,
267 3216 385 3283 deaeque
404 3233 514 3281 omnes,-
538 3225 600 3285 post
614 3218 761 3284 specialem
778 3218 982 3269 invocationem
998 3217 1098 3268 transit

10 3310 12 3315 ·
68 3282 100 3334 ad
115 3284 340 3351 generalitatem,
357 3302 392 3337 ne
410 3286 482 3353 quod
499 3303 603 3339 numen
621 3282 792 3357 praeteream
815 3289 905 3354 [more
923 3284 1096 3350 Pontificum,

10 3362 20 3415 :j
69 3368 114 3418 per
132 3368 201 3418 quos
224 3353 281 3403 ritu
298 3353 388 3405 veteri
409 3354 440 3404 in
457 3355 585 3407 omnibus
603 3355 686 3406 sacris
704 3364 765 3424 post
780 3356 909 3426 speciales
926 3356 1005 3417 deos,
1027 3369 1095 3421 quos

10 3422 16 3505 Ξ
68 3420 99 3471 ad
114 3421 207 3492 ipsum
223 3437 350 3488 sacrum,
367 3421 441 3489 quod
456 3421 554 3489 fiebat,
570 3440 680 3477 necesse
697 3431 758 3476 erat
773 3424 908 3489 invocari,
925 3421 1096 3492 generaliter

90 3590 127 3640 19)
157 3592 183 3630 G.
198 3590 242 3630 Alii
263 3591 426 3642 Tlcptholemum
441 3589 495 3630 Celei
513 3590 576 3628 lilium
595 3589 676 3634 dieunt:
696 3590 731 3628 alii
750 3588 825 3630 Osirim
844 3597 922 3639 putant.
955 3590 988 3630 Ob
1010 3602 1069 3642 quam
1082 3587 1095 3612 *

147 3650 237 3697 (eausam
253 3664 269 3686 s.
283 3662 332 3685 rem.
346 3648 451 3687 Munoker.
466 3649 493 3685 ad
506 3650 557 3698 Hyg.
573 3645 684 3695 tab.147.)
704 3648 728 3685 ab
743 3646 847 3698 Aegyptiis
866 3647 919 3684 inter
934 3648 980 3685 deos
1001 3648 1027 3686 sit
1039 3649 1095 3686 rala-

147 3713 187 3743 tus.
216 3706 369 3754 Tleptholcmus
384 3706 438 3744 Celei
451 3705 501 3754 regis
516 3706 646 3742 Heleuasinaa
661 3702 711 3742 fitius
724 3703 774 3748 suit,
792 3705 826 3754 qui
844 3718 901 3742 usum
921 3704 1000 3742 serendi
1018 3704 1095 3753 primia

146 3763 266 3800 mortalibus
287 3762 376 3799 tradidit.
403 3764 459 3800 Itane
479 3769 545 3798 autem
564 3763 627 3798 tacuit
646 3768 683 3798 ete.
697 3782 722 3790 »-
751 3762 789 3798 Vv.
810 3769 833 3799 ut
853 3761 892 3800 die.
911 3763 974 3810 Prop.
993 3762 1028 3800 vel
1050 3759 1095 3798 Tit.

146 3819 213 3856 omitt.
230 3819 298 3856 Guets.
309 3820 335 3857 R.
348 3821 395 3856 Vos.
423 3821 446 3856 ln
460 3818 563 3867 Propertio
578 3818 627 3856 nihil
641 3817 700 3855 buius
714 3818 742 3855 rei
758 3824 800 3865 cst3
815 3832 875 3868 quma
890 3820 957 3855 Burm.
972 3816 1096 3865 adscriptum

149 3875 257 3915 Tibullum
277 3876 376 3914 credebat
386 3876 410 3914 ab
425 3876 492 3924 aliquo
507 3875 541 3924 qui
560 3875 635 3923 legent
648 3875 704 3923 Eleg.
718 3875 743 3920 1,
758 3872 782 3920 8,
797 3873 832 3913 29.
846 3896 871 3903 -
898 3875 921 3910 In
940 3875 984 3911 loco
1000 3873 1095 3910 Varronis

145 3934 252 3983 Sphaerus
266 3946 302 3981 pro
313 3931 379 3980 seraa
398 3932 462 3970 edidit
475 3933 542 3968 Burni.
563 3938 583 3968 et
602 3944 648 3968 mox
663 3938 771 3970 aratorem.
785 3952 811 3960 -
838 3931 861 3966 ln
874 3930 912 3967 fine
926 3943 963 3979 pro
977 3941 1011 3967 vv.
1041 3931 1095 3983 Sane

144 3999 186 4028 etc.
216 3991 253 4028 G.:
275 3991 335 4027 Hune
355 3991 465 4040 Sylvauum
484 3987 565 4037 quidam
585 3988 688 4026 iiinebrom
708 3989 768 4028 desim
787 3993 859 4035 putant
879 3994 899 4024 et
917 3987 964 4023 ideo
978 3999 1095 4036 cupi-ertum

145 4048 238 4087 tribuunt
252 4046 283 4093 ei,
298 4047 345 4098 quic
359 4048 429 4086 eadem
443 4045 503 4099 arbor
516 4051 563 4096 epta
577 4044 693 4095 tietmari,
712 4045 738 4086 ob
751 4043 842 4086 radicum
854 4041 994 4084 infirmiorem
