2430 4620
137 244 203 313 tot
394 232 538 299 sautu
557 234 919 299 COMMENTARIUS
988 298 991 303 .

139 424 223 495 gestia
237 419 322 475 rebus
336 427 382 475 ute
403 420 511 473 Saccus
528 436 608 471 umor
625 419 730 471 docuit.
763 419 839 473 Nam
854 420 890 475 da
907 419 982 473 exitu
998 420 1075 475 circa
1092 419 1177 475 deum

139 490 304 562 vituperatio
321 505 378 543 nou
394 490 476 544 cadit.
509 488 635 540 Estremi
650 487 854 553 Garamas,-
872 490 967 560 populi
983 498 1048 541 siout
1062 492 1179 543 Africae.

140 560 267 613 Extremi
282 568 393 623 autem,
408 558 496 623 saesi,
511 558 588 625 quasi
606 575 622 607 a
639 559 778 611 consortio
795 558 975 610 humanitatis
991 559 1106 611 remoti.
1141 559 1177 609 Ut

139 632 217 697 (han.
233 634 266 695 8,
281 628 368 691 mh
390 627 566 693 Extremique
584 626 731 677 hominum
749 626 876 692 Morini,
896 626 1069 692 Rhenusque
1086 628 1175 678 bicor-

141 700 198 749 rst's.
214 724 248 735 —
281 702 328 753 45.
343 695 401 747 Nec
427 697 518 748 nostri
541 698 653 763 generis
670 713 804 762 puerum,
828 712 877 747 nec
902 698 1058 763 sanguinis
1077 697 1176 759 edunt,
1204 744 1207 749 .

139 765 162 820 i.
183 783 208 819 a·
231 763 301 817 nihil
320 764 472 817 habentem
494 764 524 815 in
546 781 575 815 se
598 764 788 817 humanitatis.
835 765 908 816 Nam
932 780 989 815 non
1012 765 1097 829 dicit,
1120 780 1175 817 nou

139 834 297 889 mortalem.
344 833 457 898 Edunt,-
481 832 605 903 pariunt,
628 842 659 881 ut
680 832 710 883 iu
735 832 854 953 spptimo
871 832 969 900 (660.);
993 830 1174 884 Sublummcs

139 902 230 955 edidit
254 918 328 953 oras.
370 927 404 939 -
450 907 495 959 4ο.
518 900 624 951 Saeuus
648 918 729 952 amor
773 906 850 953 acuit
874 913 1007 953 uotorum
1033 904 1174 969 sanguino

139 984 256 1023 matrem
274 968 486 1023 commaculare
504 986 623 1032 manus,
647 970 725 1037 quasi
741 987 844 1023 novam
860 978 951 1023 artem
967 970 1131 1033 insinuavit,
1146 976 1175 1025 et

138 1039 256 1104 infudit,
277 1047 307 1090 et
328 1038 401 1092 bene
423 1038 548 1092 fabulam
564 1036 692 1089 omuibus
715 1048 812 1091 notam
837 1055 887 1107 per
910 1040 1062 1089 transitum
1078 1038 1175 1109 tetigit.

139 1106 208 1177 Quis
231 1106 309 1159 enim
331 1107 455 1176 ignom,
475 1106 607 1158 Medeam
630 1106 666 1156 ab
689 1106 786 1161 [mona
808 1116 918 1159 contem
940 1116 999 1159 tam
1021 1122 1087 1158 suot
1108 1106 1176 1161 filios
1209 1144 1211 1149 .

139 1175 332 1231 interemisse?
355 1204 391 1215 -
435 1182 481 1233 46.
512 1174 740 1238 castinacum,
769 1123 939 1247 [pollueres
987 1174 1120 1227 Crudelis
1146 1187 1175 1225 tu

140 1262 250 1313 quoque
275 1257 376 1309 mater,-
405 1244 491 1295 utitur
523 1252 618 1295 autem
643 1244 749 1310 optima
779 1244 979 1295 moderatione.
1022 1245 1097 1296 Nam
1125 1258 1176 1297 nec

139 1321 233 1365 totum
249 1314 339 1365 amori
355 1314 488 1382 imputat,
504 1330 540 1364 ne
557 1312 687 1363 defendat
703 1312 889 1391 parricidam:
906 1328 959 1363 nec
975 1320 1068 1365 totum
1084 1312 1176 1377 matri,

138 1398 177 1435 ne
202 1398 329 1435 amorem
353 1382 453 1433 eximat
475 1382 568 1449 culpa:
593 1378 641 1431 sed
658 1388 686 1432 et
702 1380 795 1446 illam,
818 1396 889 1449 quae
912 1382 1023 1449 paruit,
1047 1382 1175 1444 stillum,

139 1451 188 1518 qui
204 1450 305 1518 coegit,
321 1450 437 1501 incusat.
471 1449 535 1517 [Alii
552 1449 604 1499 hoc
622 1448 683 1499 loco
699 1466 765 1501 cum
782 1465 879 1502 amore
896 1458 1019 1503 utatrem
1037 1452 1169 1503 Venerem

139 1518 245 1588 ctdpari
262 1516 370 1570 volunt:
386 1534 449 1570 eam
465 1518 542 1569 euim
559 1517 717 1581 crudelem,
734 1518 799 1588 quia
816 1517 968 1586 permittit,
983 1518 1066 1571 illum
1081 1526 1173 1571 autem

138 1586 318 1656 improlumr,
340 1586 389 1653 qui
404 1602 435 1636 su
456 1602 488 1636 ra
506 1586 621 1637 modum
638 1595 753 1653 noceat,
775 1588 816 1639 ita
840 1595 871 1636 ut
888 1587 923 1638 ad
940 1586 1092 1655 parricidia
1109 1600 1173 1655 quo-

137 1671 194 1723 que
211 1656 252 1708 sui
268 1654 397 1706 violentia
419 1604 510 1723 piures
532 1652 694 1725 impulerit]
710 1682 745 1695 -
778 1662 823 1713 50.
839 1654 990 1721 improbus
1016 1656 1066 1707 ille
1091 1672 1173 1721 puers

140 1724 265 1775 crudelis
282 1736 312 1773 tu
330 1740 438 1789 quoque
456 1736 559 1788 scoten-
583 1738 639 1774 uon
657 1732 698 1774 est
714 1724 854 1793 superflua
871 1724 942 1775 haec
960 1723 1112 1776 verhorsun
1128 1723 1175 1777 ite·

137 1791 219 1845 ratio.
252 1792 325 1843 Nam
342 1790 511 1859 syllogismus
528 1800 569 1844 est
585 1791 694 1861 plenus,
717 1792 765 1859 qui
788 1799 895 1844 constat
918 1808 951 1844 ex
974 1792 1174 1861 propositione,

138 1861 340 1927 assumptione,
362 1858 414 1928 [et]
436 1859 619 1911 conclusione.
661 1860 761 1938 [stulti
782 1861 822 1912 tic
845 1860 1036 1929 distinguunt,
1060 1861 1127 1929 quia
1148 1866 1175 1912 et
1208 1862 1211 1871 '

139 1929 257 1981 intentio
273 1928 409 1997 loquentis
427 1929 462 1980 ab
479 1929 560 1979 initio
575 1930 614 1979 sic
632 1929 699 1993 lust,
723 1938 754 1979 ut
776 1946 793 1982 a
817 1928 928 1981 saevitia
946 1930 1052 1981 moeris
1076 1928 1174 1998 incipe·
1208 1936 1211 1943 “

138 2005 197 2063 ret,
219 1998 247 2049 in
266 1997 385 2049 secundo
408 1998 470 2049 loco
493 2005 634 2049 accussaret
656 2004 792 2060 matrem,
814 1997 854 2051 ita
877 2006 974 2049 tamari
998 2006 1031 2048 ut
1053 1997 1178 2049 criminis*

139 2065 200 2119 eius
222 2065 354 2117 invidiam
377 2065 533 2117 crudelitati
556 2066 660 2116 amoris
684 2065 869 2128 adscriberet,
892 2075 921 2118 et
943 2066 1007 2117 idco
1032 2067 1170 2133 geminan-
1197 2066 1205 2127 ’,

138 2134 207 2187 dum
226 2135 288 2197 ille,
307 2136 450 2201 improbus
469 2136 516 2185 ille
534 2151 612 2199 puer,
629 2135 761 2199 crudelis,
777 2141 805 2186 et
822 2132 1047 2203 distinguendum
1064 2136 1105 2187 ita
1120 2140 1168 2187 etl:

139 2202 265 2254 crudelis
280 2214 312 2252 tu
330 2219 438 2270 quoquc
456 2216 551 2253 mater.
588 2202 718 2254 Crudelis
736 2215 824 2253 motor
842 2205 950 2271 magis,
974 2220 1014 2253 on
1038 2221 1107 2269 puer
1123 2204 1166 2253 im·
1196 2264 1199 2269 Ι

160 2270 267 2323 relus?
290 2279 319 2322 et
342 2271 477 2340 distingue
501 2279 531 2323 et
551 2271 700 2340 subiuugc:
725 2284 755 2321 tu
781 2288 890 2339 qusque
916 2269 1033 2336 maten]
1054 2298 1090 2309 -
1130 2277 1166 2329 52.
1190 2262 1211 2277 ““

137 2290 226 2394 illunc
243 2351 269 2391 et
286 2356 350 2390 oues
370 2341 442 2391 ultro
454 2340 557 2409 fugiat
574 2341 656 2408 lupus
664 2363 674 2404 ,¹
703 2348 793 2410 optat,
817 2341 910 2392 omnia
934 2340 996 2391 fieri
1013 2348 1166 2391 contram·

139 2415 244 2462 turam
278 2407 381 2474 [Aurea
399 2408 441 2460 vel
457 2409 579 2478 spaciosa
598 2408 638 2459 sel
655 2417 766 2461 matura
783 2416 813 2459 et
830 2408 908 2461 aurei
924 2409 1043 2473 coloris,
1060 2416 1092 2459 ut
1106 2405 1166 2459 scili·
1197 2418 1201 2423 '

138 2485 199 2540 cet,
221 2477 286 2545 quia
310 2477 357 2528 illa
380 2477 567 2547 pulcherrima
583 2477 742 2546 turpissimo
760 2477 862 2529 marito
879 2479 986 2545 nupsit,
1009 2478 1085 2545 quod
1102 2475 1163 2528 Βειιι

138 2552 237 2597 contra
258 2552 388 2597 naturam
411 2545 568 2608 videbatur,
591 2561 657 2605 cum
681 2555 753 2599 esset
768 2548 829 2613 ipsa
853 2546 982 2609 honesta,
1006 2557 1162 2614 consequeus
1190 2546 1211 2615 ,“

137 2613 183 2678 sit,
198 2620 230 2662 ut
246 2614 302 2665 sint
318 2622 345 2664 et
362 2613 417 2665 alia
433 2623 531 2665 contra
548 2621 686 2681 nanuum,
702 2624 734 2665 ut
749 2616 838 2684 fugiat
854 2614 932 2685 lupm
949 2630 1022 2679 oves,
1038 2622 1070 2665 ut
1085 2608 1167 2667 tuan
1194 2616 1205 2629 '

139 2696 257 2750 quercus
280 2698 366 2734 aurea
389 2684 479 2747 mala,
500 2691 528 2734 et
551 2682 672 2751 reliqua,
695 2700 766 2752 quae
794 2682 880 2747 dicit]
903 2711 937 2720 —
978 2688 1024 2740 54.
1048 2680 1160 2750 Pinguis
1185 2681 1211 2745 ’ᾗ

138 2750 257 2814 electro3
286 2749 305 2802 i.
328 2768 353 2802 e.
376 2754 503 2805 succinae
527 2766 664 2818 gemmae.
712 2752 875 2819 [Mysiam
903 2766 988 2820 genua
1012 2750 1161 2804 arbmculra

137 2818 284 2870 vilissimae
306 2818 429 2885 humile,
453 2836 539 2889 quam
561 2822 727 2873 tamaricem
743 2822 822 2883 vulgo
849 2817 962 2884 dicunt]
977 2844 1013 2857 -
1048 2825 1091 2878 55.
1108 2819 1160 2869 cu·

137 2898 196 2939 tent
212 2899 239 2937 ct
255 2892 354 2955 cycrus
373 2890 485 2952 ululae,-
510 2905 570 2939 nves
588 2884 645 2941 u’srd
660 2887 711 2943 soi
729 2883 882 2953 ὄλοὶὲζιιν,
907 2889 925 2939 i.
943 2906 966 2939 e.
983 2906 1001 2940 a
1017 2888 1101 2952 fletu,
1120 2898 1161 2937 no·

136 2955 269 3007 minatae.
308 2956 400 3025 [Quas
422 2957 502 3023 vulgo
528 2957 627 3009 ulucos
650 2957 774 3022 nocant]
812 2959 856 3008 Sit
882 2956 1001 3024 Tityrus
1027 2954 1159 3023 Orpheum

136 3023 281 3074 vilissinuu
303 3025 436 3088 rusticus,
458 3025 585 3093 Orpheus
608 3036 721 3093 putetur
744 3028 774 3078 in
798 3026 883 3091 silvis,
907 3025 993 3077 Arion
1011 3041 1075 3076 vero
1097 3024 1159 3075 iuter

137 3090 291 3160 delphinas.
331 3093 382 3144 Hic
406 3102 501 3144 autem
521 3093 637 3145 Lesbius
662 3095 845 3165 cytharoedus
868 3094 988 3163 optimus
1012 3094 1080 3145 fuit:
1107 3086 1162 3161 [qui

137 3174 205 3210 cum
229 3177 247 3212 a
268 3159 435 3226 Periandro,
456 3179 523 3230 rege
549 3164 774 3230 Corinthiorum,
795 3162 923 3235 petisset,
947 3169 978 3213 ut
1002 3162 1055 3213 sibi
1077 3160 1160 3213 liceret

137 3241 291 3348 peragrare
307 3228 373 3281 alias
391 3229 522 3291 civitates,
539 3233 676 3298 permissu
692 3232 750 3285 eius
767 3251 817 3302 par
834 3232 923 3283 muta
940 3231 1042 3300 oppidu
1054 3224 1160 3281 collectis

160 3295 276 3348 eneficio
299 3297 453 3350 cautilenae
477 3299 590 3369 opibus,
612 3301 778 3353 Corinthum
796 3310 892 3368 petere
915 3302 1022 3369 coepit,
1043 3301 1073 3349 in
1098 3296 1161 3346 cuitu

136 3378 237 3416 necem
254 3379 318 3414 cum
336 3375 438 3417 nautae
454 3375 481 3419 et
497 3368 597 3419 servuli
616 3370 813 3433 coniurassent,
829 3369 926 3440 Apollo
943 3384 1010 3420 eum
1025 3368 1057 3421 in
1073 3360 1162 3417 somni·

137 3431 263 3498 monuit,
285 3433 445 3500 cytharoedi
467 3435 566 3487 habitu
589 3445 718 3507 accepto,
742 3454 842 3491 canens
867 3438 991 3503 cithara,
1021 3443 1053 3487 ut
1077 3435 1164 3487 simet

136 3499 264 3567 insidias,
287 3502 420 3555 auxilium
442 3504 471 3556 ei
493 3520 550 3557 non
567 3504 728 3558 defuturum
750 3507 933 3575 promittens,
954 3506 985 3557 in
1002 3519 1089 3573 quem
1109 3512 1163 3555 ιιιιιι

163 3662 204 3719 ⁸5)
229 3670 271 3710 Pro
284 3669 453 3711 atue.vou.ad
467 3669 697 3723 casutp.90.1‹gu=
717 3674 804 3712 Alaeus
818 3691 845 3705 -
871 3666 927 3711 neni
945 3684 983 3722 pro
998 3671 1114 3712 Periandro
1126 3678 1166 3719 rep

226 3729 250 3769 0.
268 3728 296 3765 al.
313 3727 362 3766 hab.
375 3741 389 3766 o
406 3729 495 3766 Torento
513 3730 631 3769 Corinthum
649 3738 690 3779 pet.
720 3732 744 3767 V.
759 3728 842 3769 Monoi.
857 3730 884 3767 ad
898 3729 970 3779 Hygia.
991 3728 1033 3767 hb.
1047 3726 1098 3767 194.
1122 3728 1167 3765 Dan.

221 3784 329 3836 ryrauu
344 3797 393 3836 ng·
411 3786 434 3824 c.
453 3785 478 3822 ss.
498 3786 525 3823 ιι
540 3785 593 3824 osu.
609 3788 636 3823 u.
651 3787 694 3825 au
709 3785 750 3830 16.
763 3785 803 3831 au,
817 3787 837 3824 1.
857 3787 927 3823 mea.
946 3785 1001 3824 ehu.
1014 3786 1042 3829 ι,
1056 3785 1091 3825 17.
1110 3783 1167 3822 sam
1194 3792 1199 3799 ·

220 3841 275 3880 litet.
296 3840 416 3879 Germanioi.
455 3844 547 3883 Vosu'ue.
566 3843 630 3879 cose.
651 3849 672 3879 et
691 3843 774 3892 steph-r
793 3844 831 3897 qui
848 3856 896 3882 cure
915 3855 929 3879 o
947 3841 1032 3888 (Gualt.
1045 3842 1070 3879 ll.
1093 3855 1130 3879 om.
1147 3836 1169 3883 a]

223 3899 313 3937 {ursam
332 3899 452 3937 corissum
466 3913 513 3937 cum
527 3900 598 3936 multis
611 3899 682 3947 opibus
698 3905 790 3950 peteret,
810 3906 829 3938 et
843 3898 921 3938 rideret
935 3898 977 3937 eidi
989 3900 1011 3937 ιἰι
1025 3902 1083 3937 nari
1096 3896 1149 3952 teudi
1159 3907 1171 3932 ⁸
1203 3920 1206 3925 ·

219 3957 292 3994 uasis
304 3954 403 3998 insidias,
420 3958 486 4004 petit,
507 3962 529 3993 ut
544 3958 624 3993 cithara
635 3956 745 4003 paululum
759 3963 853 3999 constet,
868 3955 898 3995 od
910 3957 968 3995 essin
982 3968 1056 3994 comm
1071 3970 1117 3995 cum
1131 3952 1172 3992 del·
1206 3984 1211 3993 2

218 4011 283 4061 plsuu'
296 4013 455 4057 convenissent,
470 4013 559 4052 “euasit
573 4025 596 4050 ae
609 4025 673 4062 cupre
687 4026 763 4058 unum,
777 4020 797 4053 at
808 4014 840 4053 a'ta
854 4014 960 4052 ιἰιιιιὶιιιιι
974 4014 1050 4053 estam
1060 4011 1177 4063 pen'aatm
1208 4062 1211 4067 .
