2430 4620
134 255 199 321 120
395 243 537 311 sunm
557 244 915 313 COMMENTARIUS
997 308 1010 317 .

138 448 206 496 cos,
228 431 319 482 silure
336 431 395 483 sint
412 448 434 483 c.
452 432 491 494 aa
514 432 532 484 i.
551 452 576 487 e.
592 430 742 486 misceatur
758 432 813 485 illis
827 432 930 500 bonos,
953 437 986 483 ut
1000 429 1103 500 dignae
1119 432 1173 483 sint
1209 466 1211 471 -

140 498 258 563 consule,
274 502 292 552 i.
311 518 334 552 e.
353 500 409 551 filio
426 501 543 552 consulis
560 502 644 554 Asinii
658 499 806 567 Pollionis]
819 527 854 540 -
886 506 913 559 4.
935 500 1041 552 Ultima
1057 500 1172 551 Cumaei

141 570 218 621 uenit
236 570 293 619 inm
313 571 451 621 carminis
469 582 562 631 aetos3
579 570 718 639 Sibyllini,
734 588 805 639 quae
819 571 944 623 Cumana
960 570 1022 633 luit,
1038 576 1067 621 et
1082 568 1172 621 secuh
1209 628 1211 633 ⁴

140 653 192 708 per
210 637 321 688 metalla
337 639 441 689 divisit:
464 638 532 688 dixit
553 642 652 701 etiam,
676 640 737 708 quir
761 655 815 708 quo
839 639 931 690 seculo
954 637 1172 705 unpersretznt

140 705 226 757 solem
249 706 394 770 ultimum,
417 707 427 758 i
453 725 477 758 ο.
500 707 639 760 decimrun
663 708 754 759 voluit
788 707 919 758 Novimus
940 715 1035 759 sutem
1053 706 1183 766 eundem¹

142 790 200 826 esse
224 774 387 841 Apollinem.
428 774 507 828 Unde
530 776 610 828 dicit:
639 777 719 827 Tuus
745 779 801 827 iam
830 787 928 843 regnat
951 775 1058 841 Apollo.
1101 774 1172 825 Dixit
1208 814 1211 821 .

142 843 243 908 etism,
259 842 342 894 t'rnitis
360 843 488 894 omnibus
504 846 601 896 seculis
618 862 711 897 rursus
728 845 827 897 eadem
843 844 987 897 renovari:
1009 858 1098 912 quam
1113 857 1171 895 scm

142 912 228 965 etiam
251 911 406 986 philosophi
430 912 483 963 hac
500 914 684 981 disputatione
705 913 852 981 colligunt,
874 913 1012 976 dicentes,
1034 911 1171 978 completo
1207 954 1211 965 .

142 995 244 1049 magno
262 996 350 1046 suno,
366 982 461 1032 omnia
477 981 569 1034 sidera
585 982 615 1034 in
632 991 708 1034 ortus
725 998 786 1033 suos
803 981 913 1046 redire,
928 989 957 1033 et
972 977 1099 1049 [reJlerri
1114 995 1172 1045 rer-

142 1065 187 1119 sus
203 1049 302 1101 eodem
320 1058 406 1102 motu.
440 1050 519 1120 Quod
536 1050 557 1102 si
576 1060 617 1102 est
632 1052 708 1103 idem
732 1050 854 1102 siderum
870 1058 976 1114 motus,
998 1064 1111 1101 necesse
1126 1054 1173 1112 est,
1206 1094 1211 1109 ,

143 1125 175 1169 ut
190 1118 299 1182 omnia,
316 1135 386 1187 quse
401 1119 528 1185 fuerunt,
544 1120 665 1172 hsbcsnt
680 1119 864 1173 iterationem.
899 1119 1030 1170 Universa
1045 1118 1124 1169 enim
1139 1132 1172 1170 ex
1209 1119 1211 1123 '

143 1193 283 1238 astrorum
305 1195 384 1238 motu
405 1188 528 1255 pendere
551 1190 727 1241 munilestum
751 1195 799 1239 est
833 1188 893 1239 Hoc
914 1194 1023 1239 secutus
1046 1186 1173 1254 Virgilius

143 1254 225 1318 dicit,
248 1255 352 1307 revorti
377 1273 461 1307 aum
484 1257 590 1321 secula,
614 1265 642 1310 et
665 1256 761 1308 iterari
779 1256 889 1320 omnis,
912 1272 983 1323 quse
1000 1254 1124 1307 luerunt.
1139 1279 1172 1293 -
1206 1306 1211 1321 ,

144 1326 169 1384 5.
184 1323 223 1374 At
239 1325 364 1391 integro,
382 1324 444 1391 [vel]
461 1325 552 1376 denno
569 1326 622 1393 [vel
638 1324 673 1377 ab
690 1325 779 1375 initio.
813 1324 881 1375 Coro
899 1324 933 1376 de
952 1338 1002 1375 suo
1018 1323 1174 1376 constristo:

146 1391 253 1445 Omnia
279 1395 312 1442 ab
341 1396 447 1460 integro
475 1395 604 1459 paranda
629 1392 728 1458 erant]
770 1392 929 1456 Scelerum,-
953 1391 1106 1460 synaeresis
1127 1396 1174 1457 est,

144 1463 388 1530 prosecutorum,
410 1464 449 1528 [et
464 1463 587 1514 seculum
611 1461 724 1532 quidam
749 1470 862 1513 centum
879 1477 1016 1513 annorum
1033 1458 1175 1525 deliniunt,

145 1528 259 1596 quidam
276 1539 387 1583 centum
404 1530 509 1583 docem.
542 1533 671 1585 Horatius
688 1530 791 1597 (Caum.
808 1529 896 1581 secut.
913 1530 982 1592 ild:
1009 1527 1107 1580 Certus
1124 1545 1173 1579 ¹⁴⁸·

146 1599 340 1650 denosdcciss
358 1598 579 1666 peronnos.]-
615 1608 641 1657 6.
658 1600 720 1649 lom
739 1601 851 1649 redit-st
868 1597 1173 1666 virgo31mtitiaquu
1207 1650 1211 1659 ,

144 1664 267 1737 Erigone
284 1668 346 1733 fuit,
360 1668 427 1737 [filia
444 1668 595 1732 Themidis,
611 1670 678 1721 dum
697 1669 769 1721 inter
786 1666 913 1719 hominos
931 1672 1097 1729 versaretur,
1113 1680 1173 1735 pro·

145 1745 207 1805 pter
224 1751 324 1791 eorum
346 1736 450 1789 scelera
472 1746 560 1788 terras
582 1738 708 1807 reliquit,
731 1752 817 1805 qnam
840 1737 903 1788 ideo
919 1735 1056 1809 virginem
1075 1733 1174 1798 dicunt,

146 1804 221 1873 quod
243 1804 278 1855 sit
299 1805 460 1876 incorrupta
484 1805 612 1872 iustitin]
653 1807 689 1858 Et
711 1806 863 1874 permiscet
886 1804 980 1856 laudes
1004 1810 1065 1855 tun
1089 1819 1107 1870 p
1158 1801 1165 1813 '
1195 1868 1200 1875 Ι

146 1871 253 1941 (quam)
268 1874 409 1937 Pollionis,
426 1890 509 1942 quam
527 1876 574 1939 (et)
588 1875 710 1943 Augusti.
743 1874 816 1924 Nam
832 1872 952 1937 felicitas'
962 1880 1125 1939 temporum
1139 1889 1157 1924 ι

147 1942 325 2011 Imperatoris
347 1943 467 2017 pertinet
487 1942 607 1995 lundom.
653 1942 806 2011 [Saturnio
833 1958 936 2010 regna,
966 1956 1052 1992 aurea
1076 1938 1176 2005 secudu,

147 2012 211 2078 quia
237 2009 369 2062 Saturnus
392 2026 476 2062 aureo
499 2013 591 2063 seculo
615 2029 743 2080 regnasse
766 2010 885 2076 dicitur.]
903 2037 938 2051 -
978 2017 1006 2068 7,
1021 2008 1083 2059 Iam
1103 2024 1175 2061 noua

148 2082 295 2150 progenies
319 2081 393 2133 coslo
418 2082 573 2135 demittitur
597 2082 669 2139 olto;
693 2089 724 2133 ut
745 2081 890 2132 videantur
912 2079 1038 2131 hominos
1063 2093 1119 2128 non
1143 2092 1175 2129 ex

147 2149 398 2212 naustibulum,
422 2149 468 2200 sed
493 2166 523 2200 ex
541 2150 715 2213 numinibus,
739 2157 767 2201 et
783 2149 861 2218 qnasi
879 2147 918 2213 (o)
934 2146 1012 2198 coelo
1029 2145 1108 2213 lapn‘.
1141 2145 1177 2196 Es

147 2215 213 2273 hinc
229 2217 347 2282 ¹coniicit
369 2219 429 2269 lore
452 2232 536 2269 aurea
557 2219 663 2282 seculo,
692 2217 766 2286 quod
788 2221 923 2285 Augustus
948 2217 1084 2281 imperat:
1112 2210 1177 2282 [rel]

148 2284 222 2354 quod
238 2285 301 2337 tulis
317 2293 396 2349 natus
413 2293 453 2338 est
470 2301 547 2353 puer,
564 2285 628 2354 [vel]
645 2288 718 2355 quod
736 2286 831 2336 consul
847 2292 888 2337 est
903 2285 1006 2344 Pollio,
1020 2284 1106 2350 [unde
1125 2290 1177 2333 est:

147 2365 173 2404 ts
192 2355 307 2404 consuls
332 2353 439 2418 inibit]
456 2379 490 2394 -
531 2360 558 2411 8.
574 2353 654 2422 Quo;
678 2351 775 2423 [deest]
799 2367 936 2404 nascente.
969 2352 1043 2403 Nam
1067 2352 1122 2403 hoc
1138 2349 1178 2403 dl·

148 2422 201 2475 clts
215 2422 277 2474 lare
293 2421 319 2474 ei
336 2421 455 2485 Lucina,
477 2424 552 2474 cuius
569 2431 644 2474 ortus
660 2424 751 2476 secula
767 2423 942 2486 immutabit,
965 2420 1058 2473 aureis
1076 2419 1179 2472 scilicet
1206 2474 1210 2481 ,

147 2492 248 2543 ferrea.
260 2519 295 2531 -
331 2498 372 2546 10.
391 2491 475 2541 Costa
487 2491 558 2560 jove
575 2491 703 2553 Lucina,
720 2492 803 2543 modo
820 2489 978 2559 [Lucinam]
996 2489 1117 2545 Dianam
1135 2504 1178 2539 uo·

147 2559 273 2628 cipimus.
305 2557 349 2610 stc
362 2560 490 2611 Horatius
507 2561 536 2626 (l.
552 2561 569 2612 l.
588 2561 654 2624 15.):
671 2562 734 2611 Siue
752 2573 778 2610 tc
793 2559 932 2611 Lucinam
950 2560 1054 2624 probas
1073 2558 1178 2623 vocari,

148 2645 199 2681 reu
224 2640 249 2678 ts
273 2629 385 2696 persicus
402 2628 547 2680 lunonem.
584 2631 729 2681 'l‘erentius
754 2631 845 2695 (Andr.
863 2637 893 2694 3,
911 2635 941 2694 1,
960 2627 1016 2687 15.)
1041 2628 1178 2679 lunonem

147 2695 284 2752 Lucinam
310 2697 391 2749 dicits
412 2705 457 2747 ute
480 2698 551 2749 luno
569 2696 748 2767 Luciamfer
767 2716 858 2763 opem,
884 2714 949 2748 cum
965 2704 1062 2747 tamen
1080 2696 1178 2748 ambos

147 2779 236 2823 unum
251 2767 315 2819 silit.
347 2765 428 2834 [Sane
445 2765 491 2817 bic
507 2767 643 2830 Dianam,
659 2767 795 2818 Lucinam
812 2781 868 2817 non
885 2765 1027 2816 immerito
1046 2764 1180 2832 designat.

147 2834 227 2891 Prior
244 2835 319 2890 enim
330 2837 422 2902 genita
435 2835 599 2904 partruisnti
613 2836 698 2887 matri
712 2834 875 2904 Apollinem,
890 2835 983 2886 tulisse
995 2832 1128 2884 auxilium
1141 2832 1181 2885 di-

147 2904 233 2957 cinni
255 2904 379 2971 Nigidius
396 2903 439 2953 De
458 2903 528 2954 Diis
545 2903 592 2954 lib.
609 2905 667 2957 1v.:
693 2902 817 2969 Quidum
836 2905 901 2954 deos
919 2916 1057 2953 eteorum
1076 2918 1180 2968 genero

146 2974 318 3038 temporibus
336 2974 530 3038 ciuitatibus,
548 2975 621 3024 inter
657 2991 707 3038 uos
725 2986 750 3023 st
769 2972 904 3038 Orpbeus,
920 2973 1043 3037 primum
1064 2987 1180 3036 regnunt

147 3040 281 3103 Saturni,
306 3043 406 3093 deinde
429 3041 521 3107 Iouis,
545 3053 604 3111 tum
621 2990 760 3107 baptism,
787 3043 852 3091 imis
878 3040 1021 3103 Plutonis,
1047 3040 1181 3090 nonnulli

148 3112 242 3175 stiam,
259 3122 290 3159 ut
303 3114 389 3176 magii
406 3112 501 3173 aiunt,
517 3110 659 3174 Apollinis
671 3111 738 3178 sors
753 3128 875 3177 regnum.
893 3110 941 3161 'In
958 3123 1012 3177 quo
1030 3108 1181 3160 videndum

148 3187 202 3242 est,
224 3195 260 3233 ue
284 3179 414 3230 ardorem
434 3178 562 3242 (similla
580 3196 611 3232 ec
631 3179 716 3246 yrosis
730 3178 895 3249 appellando
912 3178 963 3238 est)
978 3177 1080 3227 dicant.
1116 3175 1182 3243 Qui-

147 3247 215 3299 dum
238 3247 388 3300 hocloco:
419 3246 502 3300 Casto
522 3248 593 3317 sous
643 3251 744 3312 urina,
773 3260 841 3315 tuus
866 3250 924 3298 iam
950 3257 1048 3312 regnat
1072 3245 1181 3311 Apollo,

54 3330 59 3339 ¹
148 3314 293 3367 Octaviam
316 3331 441 3367 sororem
458 3317 571 3378 Augusti
594 3317 758 3385 significari,
782 3317 942 3380 adfirmant,
965 3316 1112 3381 ipsumque
1130 3315 1181 3364 Au-

147 3391 259 3509 gustum
276 3382 453 3454 Apollinem}
486 3385 567 3435 Tuus
586 3388 644 3439 iam
664 3398 760 3452 regnat
779 3387 892 3451 Aprum
915 3393 943 3436 et
959 3383 1089 3434 ultimnm
1106 3399 1180 3434 secu-

178 3467 207 3502 m
225 3455 356 3517 ostendit,
374 3453 448 3520 quod
464 3451 564 3521 Sibylla
581 3454 648 3505 Solis
665 3471 723 3506 esse
740 3454 916 3505 memoravit:
941 3460 969 3504 et
984 3452 1075 3518 tangit
1091 3453 1181 3519 Augu-

146 3529 239 3592 stum,
268 3522 314 3579 cui
341 3521 521 3579 simulacrum
548 3524 655 3581 tectum
685 3530 728 3575 cst
754 3539 821 3577 cum
842 3521 975 3595 Apollinis
1003 3520 1109 3573 cunctis
1141 3519 1202 3573 in·.

175 3688 213 3746 20)
239 3691 264 3731 ln
278 3704 338 3732 versu
351 3692 401 3730 Hor.
415 3705 452 3743 pro
466 3699 486 3730 tc
501 3691 528 3730 tl.
542 3688 589 3729 heb.
603 3698 640 3736 trs:
661 3689 729 3739 steph.
745 3684 783 3728 orn.
798 3702 889 3738 pronon.
918 3691 971 3730 Delu
985 3691 1099 3742 genitalem
1112 3689 1183 3739 legisse

232 3751 317 3791 fortusse
336 3750 427 3790 Servium
447 3749 558 3801 suspicatus
579 3753 609 3787 tst
623 3748 680 3785 Voss.
709 3742 772 3796 Apio
786 3749 836 3785 Hor.
852 3755 893 3786 cst:
914 3748 961 3786 Sive
982 3755 1003 3785 tu
1017 3748 1095 3784 Lucina
1111 3747 1183 3796 probra

232 3808 302 3849 vostri
315 3822 352 3848 reu
365 3807 470 3856 genitalis3
488 3807 572 3849 voturi,
590 3803 673 3856 reliqui·
688 3803 776 3849 omissis,
797 3805 845 3847 heb,
865 3805 935 3847 Guell,
946 3806 961 3842 l.
975 3806 1002 3847 lt,
1013 3805 1038 3841 L.
1053 3805 1079 3841 tt.
1095 3806 1122 3846 V,
1136 3805 1183 3840 Vos.

232 3865 302 3914 steph.
323 3864 368 3904 Vid.
383 3863 487 3913 llduuokcr.
503 3863 529 3900 ad
543 3860 631 3903 Albcric.
651 3874 668 3897 o.
683 3860 702 3899 7·
717 3882 742 3889 —-
770 3862 792 3897 ln
807 3872 841 3897 vu.
856 3862 938 3898 Terent.
955 3868 1001 3910 post
1015 3873 1072 3911 opem
1090 3859 1120 3897 lta
1135 3873 1183 3909 pcr-

232 3929 282 3974 gunt
297 3921 363 3961 Gucll'.
378 3922 393 3958 1.
408 3927 429 3960 ct
442 3921 466 3959 Π,
487 3920 512 3958 L.
526 3919 552 3955 R.
568 3919 592 3955 V.
608 3919 654 3954 l'os.
675 3924 696 3954 ct
710 3918 748 3953 nt:
769 3931 829 3957 servu
848 3932 879 3954 me
893 3918 974 3956 obsecro
994 3918 1064 3964 (codd.
1078 3917 1147 3954 Guelf.
1163 3918 1184 3956 S.

232 3993 262 4019 η.
281 3979 320 4027 o.).
341 3979 409 4017 tamen
429 3991 449 4015 a.
470 3990 490 4015 u.
510 3981 565 4013 sunt.
586 3993 611 4008 ι-
646 3975 685 4016 l'tn
704 3975 758 4016 Suus
779 3994 793 4010 a
806 3995 818 4005 -
838 3975 958 4031 Apollinem
977 3987 1017 4015 on.
1033 3968 1108 4018 Duell,
1126 3975 1142 4016 l.
1161 3973 1188 4016 lt,

144 4029 148 4036 ’
234 4036 263 4081 tr.
276 4036 304 4080 tt,
319 4037 345 4077 v.
358 4036 407 4076 vo..
420 4033 490 4089 steph.
505 4039 526 4075 n
539 4031 567 4075 rt
