2430 4620
203 350 210 357 ,
276 303 311 343 n
336 282 495 345 vntum.
519 283 744 360 uncant,
770 288 919 351 ra-aa
1054 287 1115 351 sss
1165 304 1197 351 ,·

67 466 162 517 Diana
181 446 296 534 puellas
311 466 461 519 Erinomae
478 469 598 519 fornram
617 468 761 537 pristinam
779 468 913 527 reddidit,
930 483 1001 534 quse
1019 475 1112 518 tamen

67 551 96 584 ex
111 535 220 586 Adone
240 534 359 586 Talermr
377 536 514 601 (Vossiuse
533 537 635 586 Tolum
661 554 681 585 s.
700 537 822 595 Teleum)
848 537 935 586 lilium
953 536 1116 604 procreavit,

69 611 184 653 etcum
202 603 266 652 viro
284 603 456 671 permansit]
473 632 508 641 -
551 613 593 661 15).
615 606 697 654 Venit
714 619 739 656 et
758 607 862 670 upilio,
888 605 992 672 [ovium
1017 610 1115 667 custos,

69 668 103 734 et]
127 679 257 739 propter
274 680 398 723 metrum
415 673 579 739 aitnpilio:
605 689 670 726 nam
692 677 781 741 opilio
805 674 937 736 dicimus,
961 680 989 722 et
1005 672 1113 722 Graeco

68 756 129 789 usus
147 747 197 790 est
212 740 372 792 schemate:
396 741 466 791 sicut
489 743 525 793 illi
545 744 640 793 dicunt
664 738 746 809 sinen
770 758 821 810 pro
845 740 969 806 eoquod
995 750 1035 792 est
1051 735 1112 807 ὄρη,

65 810 104 875 [et
120 804 237 875 οὔνομα
253 825 305 878 pro
324 824 358 860 eo
375 811 448 877 quod
466 820 507 861 est
524 804 632 879 siceum]
668 813 759 864 Turdi
773 829 870 863 venere
885 810 1000 859 subulci
1005 833 1014 871 ,·
1033 810 1115 875 tardi,

66 879 82 927 i.
96 896 125 929 e.
142 878 236 929 stulti.
280 877 428 929 Terentius
450 878 480 929 in
498 881 719 932 Heautontiumr.
738 888 780 948 (4,
796 888 827 943 5,
845 880 916 942 28.):
945 878 1059 929 Turdus
1076 895 1114 943 es,

64 946 123 997 ie.
144 946 261 997 stultus.
296 947 368 997 Nam
386 947 463 1013 porei
487 949 542 999 cito
560 949 711 1000 ambulant.
746 949 808 1016 [Alii
827 964 879 1015 pro
898 947 1024 1015 sntr'gati
1041 947 1113 997 scci-

65 1014 162 1084 piunt,
188 1014 309 1087 quidam
325 1015 421 1065 dicum
440 1016 502 1067 ideo
519 1019 606 1081 tardi,
630 1019 693 1075 arria
711 1018 788 1086 porci
805 1032 940 1084 nusquam
958 1022 1114 1083 pascuntur,

69 1084 119 1133 nisi
141 1083 286 1136 radicitus
309 1084 441 1135 effodiant
464 1085 597 1137 herbam:
625 1086 742 1138 Subulci
760 1094 854 1136 autem
896 1092 998 1135 setores
1016 1099 1114 1149 porco·

72 1150 153 1217 rum]
170 1182 207 1195 -
246 1152 420 1207 20.·Uvidus
444 1152 562 1205 hiberna
587 1159 662 1206 venit
687 1157 719 1207 de
742 1154 845 1222 glande
868 1100 1032 1213 ilennlcnm
1057 1150 1113 1203 uvi·

76 1219 137 1282 dus,
158 1221 285 1287 pinguis.
319 1221 355 1271 Et
371 1221 518 1272 humidum
544 1233 598 1284 est,
621 1227 694 1290 rinod
718 1224 882 1276 extrinsecus
905 1221 991 1272 hnbet
1008 1218 1113 1286 aliquid
1135 1268 1143 1283 ,

76 1287 211 1341 hunnis:
243 1289 365 1337 Uvidum
384 1306 463 1353 vero,
487 1292 560 1359 quod
584 1294 755 1343 intrinsecus.
790 1290 868 1341 Unde
892 1299 919 1340 et
937 1307 1003 1340 uvae
1021 1290 1111 1339 dictae

71 1364 146 1423 sunt,
160 1356 244 1426 quod
260 1367 354 1423 tanien
373 1358 534 1428 plerumque
553 1362 725 1412 contundunt
740 1364 854 1430 poetae3
871 1358 1000 1425 [hiberno
1019 1365 1112 1409 antem

74 1425 103 1476 dc
118 1427 241 1492 glande,
258 1426 293 1477 de
309 1426 470 1480 collectione
486 1429 599 1495 glandia
616 1431 680 1496 quie
698 1446 749 1497 per
766 1429 890 1480 hiemem
908 1423 1066 1495 colligitur]
1077 1450 1112 1462 —
1178 1488 1181 1493 Ι

71 1501 111 1552 21.
131 1494 218 1545 Unde
238 1514 319 1546 amor
338 1497 405 1559 iste,
429 1500 448 1548 i.
465 1516 488 1548 e.
512 1507 570 1550 tam
593 1499 755 1568 impatiens,
779 1505 837 1548 tam
861 1498 957 1563 turpis.
991 1493 1054 1563 [Alii
1071 1492 1111 1543 siu
1135 1496 1153 1547 ι’

70 1563 232 1632 intelligunt
251 1566 340 1627 unde,
361 1565 435 1632 quod
451 1581 508 1616 non
525 1567 622 1634 dignus
645 1569 692 1619 ille
710 1576 791 1634 atque
815 1573 929 1635 superet
951 1561 1111 1615 lastidieha·

70 1640 125 1683 tur.
138 1658 175 1669 -
213 1642 261 1690 22.
281 1631 361 1683 Galle
379 1635 448 1701 quid
467 1638 597 1697 insanis,
626 1636 682 1687 vult
703 1652 780 1703 spem
798 1634 902 1686 amoris
920 1631 1111 1702 desperatione

70 1698 195 1765 unare]
239 1700 301 1752 Tua
321 1718 389 1760 cura
407 1701 543 1770 Lycoris;
567 1720 657 1771 paene
682 1703 805 1756 irrisorie
822 1702 927 1753 dictum
950 1709 998 1753 est
1043 1699 1110 1748 Tua

72 1786 140 1820 rura
165 1769 187 1821 i.
205 1784 245 1835 e.,
268 1785 319 1838 pro
342 1787 398 1838 qua
421 1779 452 1822 tn
473 1773 512 1823 ita
536 1790 564 1824 es
588 1773 730 1837 sollicitus,
753 1779 780 1823 te
804 1770 943 1837 relinquit.
976 1770 1012 1819 Et
1035 1766 1109 1818 bene

72 1854 135 1889 cum
160 1837 212 1889 alii
234 1839 423 1906 interrogent,
446 1841 524 1908 qrsasi
547 1841 613 1893 deus
630 1841 724 1910 Apollo
748 1840 857 1892 divinat
875 1866 909 1876 —
944 1843 988 1893 23.
1006 1836 1110 1902 Perque

10 1932 19 1965 ·,
73 1904 190 1959 torrida
211 1920 306 1958 castra
325 1920 434 1970 secuta3
451 1909 576 1977 [liorrida
592 1926 715 1982 semper:
732 1925 807 1960 nurse
824 1915 939 1975 propter
957 1904 1029 1956 bella
1045 1903 1110 1955 citi·

73 1975 115 2028 lis.
163 1978 202 2027 Et
223 1975 372 2041 subtiliter]
397 1976 442 2027 hic
465 1980 555 2046 tangit
578 1979 743 2039 Antonium,
767 1984 797 2026 ut
820 1976 936 2028 diximus
960 1990 1052 2040 supra.
1073 1996 1108 2008 -·

75 2053 115 2103 25.
135 2043 306 2110 Quossonr3
328 2046 492 2098 concutiens.
512 2074 541 2083 -
586 2053 630 2103 26.
648 2045 735 2111 Quem
754 2046 878 2097 vidimus
904 2045 976 2109 ipsi,
1003 2043 1108 2108 [utrum

76 2114 137 2181 quia
161 2116 329 2182 praesentia
344 2115 458 2166 numina
483 2117 633 2183 agrestium
660 2125 688 2167 et
712 2118 770 2184 ipse
795 2124 822 2167 et
844 2113 947 2176 Fauni,
973 2129 1007 2161 an
1032 2106 1110 2176 quia]

75 2182 161 2233 solent
184 2182 281 2249 (enim)
305 2184 421 2234 numina
443 2185 606 2253 plerumque
633 2200 661 2236 se
685 2182 792 2235 rusticis
815 2185 925 2251 offerre.
966 2178 1044 2229 Unde
1068 2184 1108 2227 est

77 2250 115 2317 (E.
132 2256 165 2316 6,,
182 2254 255 2313 24.):
278 2248 353 2302 sant
372 2264 412 2301 est
427 2256 552 2320 potuisse
571 2254 670 2306 videri.
705 2253 863 2303 Notandum
880 2265 959 2310 sune,
983 2245 1109 2324 qttodsa

22 2346 29 2351 -
77 2318 206 2384 numina,
229 2336 300 2387 quse
318 2321 481 2388 plerumque
499 2330 675 2384 amaverunt,
700 2321 765 2372 dicit
782 2320 817 2372 ad
833 2326 987 2370 amatorem
1005 2329 1109 2366 venire.

53 2386 258 2459 ’liam'Apollo
281 2389 384 2439 amavit
406 2389 550 2460 Daphnin,
575 2391 632 2440 Pan
656 2389 816 2457 Syringam,
840 2387 968 2456 Sylranus
991 2383 1108 2451 Cupres-

24 2508 27 2513 ,
75 2471 132 2507 tum
148 2457 223 2521 (cod.
239 2457 271 2507 L.
292 2457 452 2524 Cyparissi.
469 2486 502 2496 -
536 2469 580 2517 27.
599 2459 770 2525 sanguineis
788 2459 865 2508 ebuli
883 2457 985 2516 baccis,
1003 2453 1106 2500 rntnio-

78 2542 124 2591 qus
142 2527 303 2592 reclamem,-
327 2526 451 2594 [ebulum
469 2544 555 2594 genus
574 2535 615 2576 cst
636 2528 740 2578 herbae
757 2526 891 2577 sambuco
914 2520 1011 2573 simile.
1048 2518 1105 2568 Mi.

11 2632 14 2639 .
78 2597 121 2646 nio
138 2603 237 2647 autem
258 2594 321 2646 ideo
340 2595 415 2661 quia]
438 2597 509 2661 facie
527 2597 623 2660 (enim)
647 2598 732 2647 rubra
756 2595 880 2662 pingitur
897 2593 969 2654 Pan,
992 2594 1107 2657 propter

75 2664 192 2716 aetheris
209 2662 428 2717 similitudinem.
461 2665 563 2716 Aether
581 2673 675 2714 antem
701 2673 742 2715 est
758 2665 890 2733 luppiter.
925 2656 1001 2708 Unde
1020 2658 1106 2706 eiiam

11 2726 16 2747 ²
74 2732 290 2801 triumphantes,
315 2734 362 2800 qui
385 2732 491 2784 habent
514 2734 607 2784 omnia
624 2734 693 2783 lovis
715 2733 849 2800 insignia,
871 2735 1024 2793 sceptrum,
1050 2723 1108 2789 pal·

77 2809 182 2851 matam
210 2808 321 2867 togatis,
351 2816 404 2867 qua
434 2801 584 2852 utebantur
612 2801 666 2864 illi,
697 2803 743 2868 qui
774 2802 896 2869 palrnsm
919 2792 1107 2859 irrerehantur.

76 2870 150 2922 Unde
174 2867 369 2921 aitluvenalis
394 2874 452 2935 (10,
470 2872 535 2930 38.):
560 2871 594 2918 ln
620 2873 717 2919 tunica
736 2870 821 2921 lovis.
862 2865 972 2915 Faciem
997 2875 1106 2928 qnoque

76 2939 107 2989 de
122 2938 238 2990 rubrica
254 2938 365 2989 illinunt
381 2938 466 2989 instar
484 2939 580 2989 coloris
598 2939 729 2989 aetherei.
746 2965 778 2974 —-
821 2941 865 2991 28.
882 2934 968 2982 Aenos·
987 2947 1043 2978 non
1061 2941 1105 2977 ta-

77 3008 114 3058 tta
137 3019 236 3071 ουτως
261 3007 338 3073 qttasi
363 3014 486 3074 expertus
509 3008 554 3073 [in
574 3006 699 3073 Syringa]
722 3006 852 3074 loquitur.
869 3029 901 3039 -
939 3006 981 3057 bt·
1001 2998 1106 3047 Tt'l'sll't

80 3090 105 3125 ut
120 3077 170 3129 illc
187 3088 296 3138 tamem
323 3075 368 3125 alii
392 3088 482 3124 tamen
500 3077 687 3142 superioribus
711 3076 843 3142 iungunt:
867 3072 914 3124 sed
939 3067 1051 3129 molitu,
1077 3072 1106 3114 ut

80 3146 111 3197 sic
132 3146 272 3212 legamus:
297 3134 403 3199 Tamen
422 3146 588 3195 cantabitis:
615 3154 646 3193 nt
669 3147 704 3193 sit
727 3159 833 3195 sensus:
857 3141 937 3191 Licet
958 3149 1009 3202 ego
1034 3135 1104 3212 duro

79 3230 169 3266 autore
193 3229 355 3275 consumar,
382 3220 475 3263 tamen
498 3215 551 3263 erit
573 3213 718 3276 solatium,
749 3213 813 3281 quia
844 3225 923 3260 meus
947 3220 1027 3258 emor
1052 3209 1107 3253 ent

80 3292 160 3335 rutra
176 3282 315 3334 cantilena
333 3280 504 3360 quandoque.
540 3281 671 3348 [Videtur
694 3280 769 3332 enim
786 3296 876 3347 neque
893 3270 1107 3341 obiurgationes,

65 3368 163 3419 neque
184 3350 385 3417 consolationes
400 3366 527 3416 recipere
545 3349 678 3400 obstinate
696 3350 861 3408 moriturus3
884 3343 954 3396 nihil
970 3342 1052 3423 ‚einim
1070 3338 1105 3389 ad

83 3419 146 3470 dieu
168 3421 205 3470 ub
230 3420 269 3470 eis
291 3417 440 3484 respondit
457 3444 490 3453 -
526 3427 569 3474 33.
588 3420 710 3468 Arcades
718 3443 726 3481 ς
751 3425 887 3488 pastores,
910 3420 937 3464 et
961 3408 1106 3476 niiwest-

35 3500 39 3505 '
85 3488 262 3541 nacoriensis
278 3486 407 3553 Virgilius
424 3492 558 3554 quantum
584 3488 609 3537 ei
628 3495 763 3552 praestet,
786 3500 912 3536 amorem
931 3480 988 3531 eius
1005 3495 1106 3529 canen·

85 3557 128 3623 do]
162 3559 239 3610 ossa
259 3558 420 3624 quiescant5
438 3555 503 3607 hinc
521 3555 667 3605 confirmat
683 3574 712 3606 se
730 3572 787 3607 esse
805 3548 1019 3620 (Gneltl.11.al.
1038 3560 1104 3594 nam

14 3595 54 3673 f‘
87 3629 200 3692 sedicit)
218 3626 396 3677 moriturum.
415 3649 448 3659 —
483 3627 526 3679 34.
546 3623 744 3688 Οἰὶιη;,ῐιιιιιτί
761 3622 894 3691 temporis
912 3626 952 3671 est
968 3616 1105 3691 modo.-

22 3672 47 3711 “
88 3702 119 3753 35.
134 3698 186 3748 Aut
205 3707 300 3745 custos
324 3697 435 3760 gregim
459 3709 492 3743 sc
509 3692 531 3741 si
554 3692 673 3743 diceret:
706 3693 776 3759 Quid
800 3691 869 3741 mihi
893 3705 956 3738 cum
982 3682 1104 3743 urbibus,

88 3766 124 3816 ubi
146 3772 210 3818 tunt
232 3763 396 3814 meretrices
412 3768 471 3812 tam
490 3760 619 3827 pulchrae
637 3778 721 3828 qnam
739 3757 878 3829 perfidae?
912 3755 1040 3823 [Vinitor
1058 3764 1108 3799 aum

23 3836 27 3841 '
89 3838 146 3903 tem,
164 3835 212 3887 sel
234 3840 340 3895 custos,
365 3829 406 3881 vel
428 3830 518 3882 cultor¹
542 3823 763 3895 vitrearum*-
805 3838 848 3886 ὃὸ
871 3827 924 3876 Seu
949 3825 1106 3890 quicunque

13 3970 41 3982 -
104 4006 134 4055 21,·
162 4007 234 4044 Burm-
257 4002 321 4042 edidit
340 4003 361 4040 in
382 3981 434 4041 bne:
454 4001 510 4055 quod
531 4013 570 4039 non
594 4001 650 4052 dign.
672 4001 721 4045 tuo,
744 4014 757 4037 u
772 3993 895 4050 quassand-
912 4000 931 4030 υἱ
945 3992 966 4029 ὶῡ
981 3984 1110 4028 ¹¹t¹²0¹¹¹fi⁰¹¹e

157 4061 259 4102 coniecit:
277 4061 314 4099 illa
322 4088 329 4106 ,
344 4075 356 4100 o
371 4074 411 4113 quo
425 4060 508 4121 superbe
518 4059 595 4110 ficariis
