<?xml version="1.0" encoding="UTF-8"?>
<!DOCTYPE html PUBLIC "-//W3C//DTD XHTML 1.0 Transitional//EN"
    "http://www.w3.org/TR/xhtml1/DTD/xhtml1-transitional.dtd">
<html xmlns="http://www.w3.org/1999/xhtml" xml:lang="en" lang="en">
 <head>
  <title>
</title>
<meta http-equiv="Content-Type" content="text/html;charset=utf-8" />
  <meta name='ocr-system' content='tesseract 3.04.00' />
  <meta name='ocr-capabilities' content='ocr_page ocr_carea ocr_par ocr_line ocrx_word'/>
</head>
<body>
  <div class='ocr_page' id='page_1' title='image "./commentariiinvi00honogoog_0360.png"; bbox 0 0 2430 4620; ppageno 0'>
   <div class='ocr_carea' id='block_1_1' title="bbox 530 1499 580 1578">
    <p class='ocr_par' dir='ltr' id='par_1_1' title="bbox 530 1499 580 1578">
     <span class='ocr_line' id='line_1_1' title="bbox 530 1499 580 1578; baseline 0.04 -2"><span class='ocrx_word' id='word_1_1' title='bbox 530 1499 580 1578; x_wconf 70' lang='lat' dir='ltr'>rb</span> 
     </span>
    </p>
   </div>
   <div class='ocr_carea' id='block_1_2' title="bbox 24 1692 1190 1897">
    <p class='ocr_par' dir='ltr' id='par_1_2' title="bbox 24 1675 1190 1897">
     <span class='ocr_line' id='line_1_2' title="bbox 24 1692 1190 1897; baseline -0.007 -60"><span class='ocrx_word' id='word_1_2' title='bbox 24 1692 1124 1897; x_wconf 23' lang='lat' dir='ltr'>vtrucrmuucouuanmiuus.‚</span> <span class='ocrx_word' id='word_1_3' title='bbox 1187 1801 1190 1805; x_wconf 83' lang='grc'>-</span> 
     </span>
    </p>
   </div>
   <div class='ocr_carea' id='block_1_3' title="bbox 461 2008 647 2025">
    <p class='ocr_par' dir='ltr' id='par_1_3' title="bbox 461 2008 647 2025">
     <span class='ocr_line' id='line_1_3' title="bbox 461 2008 647 2025; baseline -0.032 3"><span class='ocrx_word' id='word_1_4' title='bbox 461 2008 647 2025; x_wconf 52' lang='lat' dir='ltr'>m·</span> 
     </span>
    </p>
   </div>
   <div class='ocr_carea' id='block_1_4' title="bbox 10 2278 1174 4128">
    <p class='ocr_par' dir='ltr' id='par_1_4' title="bbox 10 2278 1174 4128">
     <span class='ocr_line' id='line_1_4' title="bbox 32 2278 1086 2456; baseline 0.003 -65"><span class='ocrx_word' id='word_1_5' title='bbox 32 2278 264 2401; x_wconf 72' lang='lat' dir='ltr'>Bucolicorum</span> <span class='ocrx_word' id='word_1_6' title='bbox 282 2338 373 2389; x_wconf 86' lang='lat' dir='ltr'>omnis</span> <span class='ocrx_word' id='word_1_7' title='bbox 390 2340 469 2456; x_wconf 50' lang='lat' dir='ltr'>orppo</span> <span class='ocrx_word' id='word_1_8' title='bbox 486 2336 585 2406; x_wconf 79' lang='lat' dir='ltr'><strong>triplex</strong></span> <span class='ocrx_word' id='word_1_9' title='bbox 602 2349 662 2387; x_wconf 79' lang='lat' dir='ltr'>esse</span> <span class='ocrx_word' id='word_1_10' title='bbox 683 2335 782 2394; x_wconf 82' lang='lat' dir='ltr'>fertur.</span> <span class='ocrx_word' id='word_1_11' title='bbox 816 2335 942 2389; x_wconf 88' lang='lat' dir='ltr'>Primum</span> <span class='ocrx_word' id='word_1_12' title='bbox 960 2357 977 2391; x_wconf 85' lang='lat' dir='ltr'>a</span> <span class='ocrx_word' id='word_1_13' title='bbox 994 2340 1086 2395; x_wconf 70' lang='lat' dir='ltr'>Lace·</span> 
     </span>
     <span class='ocr_line' id='line_1_5' title="bbox 33 2404 1080 2472; baseline 0 -9"><span class='ocrx_word' id='word_1_14' title='bbox 33 2409 202 2463; x_wconf 74' lang='lat' dir='ltr'><strong>daemoniis.</strong></span> <span class='ocrx_word' id='word_1_15' title='bbox 235 2409 309 2460; x_wconf 89' lang='lat' dir='ltr'>Nam</span> <span class='ocrx_word' id='word_1_16' title='bbox 331 2423 397 2457; x_wconf 91' lang='lat' dir='ltr'>cum</span> <span class='ocrx_word' id='word_1_17' title='bbox 447 2422 523 2459; x_wconf 80' lang='lat' dir='ltr'>erres</span> <span class='ocrx_word' id='word_1_18' title='bbox 541 2404 692 2455; x_wconf 76' lang='lat' dir='ltr'><strong>Graeciam</strong></span> <span class='ocrx_word' id='word_1_19' title='bbox 717 2407 875 2472; x_wconf 83' lang='lat' dir='ltr'>affectaret,</span> <span class='ocrx_word' id='word_1_20' title='bbox 898 2416 925 2459; x_wconf 90' lang='lat' dir='ltr'>et</span> <span class='ocrx_word' id='word_1_21' title='bbox 948 2410 1080 2464; x_wconf 77' lang='lat' dir='ltr'>terribilis</span> 
     </span>
     <span class='ocr_line' id='line_1_6' title="bbox 34 2470 1079 2542; baseline -0.002 -9"><span class='ocrx_word' id='word_1_22' title='bbox 34 2488 126 2542; x_wconf 84' lang='lat' dir='ltr'>esset,</span> <span class='ocrx_word' id='word_1_23' title='bbox 149 2470 253 2530; x_wconf 82' lang='lat' dir='ltr'>relictis</span> <span class='ocrx_word' id='word_1_24' title='bbox 276 2476 447 2540; x_wconf 82' lang='lat' dir='ltr'>civitatibus,</span> <span class='ocrx_word' id='word_1_25' title='bbox 471 2474 562 2526; x_wconf 89' lang='lat' dir='ltr'>omnis</span> <span class='ocrx_word' id='word_1_26' title='bbox 586 2473 724 2525; x_wconf 77' lang='lat' dir='ltr'><strong>Graeciae</strong></span> <span class='ocrx_word' id='word_1_27' title='bbox 747 2489 816 2540; x_wconf 85' lang='lat' dir='ltr'>gens</span> <span class='ocrx_word' id='word_1_28' title='bbox 839 2475 869 2526; x_wconf 87' lang='lat' dir='ltr'>in</span> <span class='ocrx_word' id='word_1_29' title='bbox 886 2477 1000 2529; x_wconf 88' lang='lat' dir='ltr'>deserta</span> <span class='ocrx_word' id='word_1_30' title='bbox 1017 2479 1079 2531; x_wconf 73' lang='lat' dir='ltr'>loca</span> 
     </span>
     <span class='ocr_line' id='line_1_7' title="bbox 35 2543 1081 2617; baseline -0.004 -15"><span class='ocrx_word' id='word_1_31' title='bbox 35 2553 221 2617; x_wconf 69' lang='lat' dir='ltr'>refugerunt,</span> <span class='ocrx_word' id='word_1_32' title='bbox 245 2553 307 2616; x_wconf 90' lang='lat' dir='ltr'>post</span> <span class='ocrx_word' id='word_1_33' title='bbox 323 2560 387 2594; x_wconf 85' lang='lat' dir='ltr'>curn</span> <span class='ocrx_word' id='word_1_34' title='bbox 405 2545 478 2612; x_wconf 83' lang='lat' dir='ltr'>apud</span> <span class='ocrx_word' id='word_1_35' title='bbox 494 2543 692 2594; x_wconf 81' lang='lat' dir='ltr'>Marathonem</span> <span class='ocrx_word' id='word_1_36' title='bbox 710 2543 794 2594; x_wconf 87' lang='lat' dir='ltr'>victus</span> <span class='ocrx_word' id='word_1_37' title='bbox 810 2545 978 2610; x_wconf 80' lang='lat' dir='ltr'>recessisset,</span> <span class='ocrx_word' id='word_1_38' title='bbox 995 2547 1081 2598; x_wconf 75' lang='lat' dir='ltr'>La‘ce·</span> 
     </span>
     <span class='ocr_line' id='line_1_8' title="bbox 37 2612 1078 2684; baseline 0 -15"><span class='ocrx_word' id='word_1_39' title='bbox 37 2615 199 2670; x_wconf 80' lang='lat' dir='ltr'>daemoniis</span> <span class='ocrx_word' id='word_1_40' title='bbox 216 2614 331 2667; x_wconf 82' lang='lat' dir='ltr'>reversis</span> <span class='ocrx_word' id='word_1_41' title='bbox 347 2615 377 2664; x_wconf 88' lang='lat' dir='ltr'>in</span> <span class='ocrx_word' id='word_1_42' title='bbox 394 2613 628 2684; x_wconf 79' lang='lat' dir='ltr'>Peloponnesum,</span> <span class='ocrx_word' id='word_1_43' title='bbox 646 2612 800 2678; x_wconf 78' lang='lat' dir='ltr'>religiosior</span> <span class='ocrx_word' id='word_1_44' title='bbox 817 2613 871 2662; x_wconf 84' lang='lat' dir='ltr'>suit</span> <span class='ocrx_word' id='word_1_45' title='bbox 888 2630 954 2666; x_wconf 89' lang='lat' dir='ltr'>cura</span> <span class='ocrx_word' id='word_1_46' title='bbox 972 2615 1078 2669; x_wconf 77' lang='lat' dir='ltr'>Dianae</span> 
     </span>
     <span class='ocr_line' id='line_1_9' title="bbox 38 2681 1080 2755; baseline -0.007 -13"><span class='ocrx_word' id='word_1_47' title='bbox 38 2686 198 2755; x_wconf 80' lang='lat' dir='ltr'>Caryatidis</span> <span class='ocrx_word' id='word_1_48' title='bbox 215 2683 354 2735; x_wconf 86' lang='lat' dir='ltr'>colendae.</span> <span class='ocrx_word' id='word_1_49' title='bbox 389 2681 461 2733; x_wconf 81' lang='lat' dir='ltr'>Nam</span> <span class='ocrx_word' id='word_1_50' title='bbox 478 2684 552 2733; x_wconf 85' lang='lat' dir='ltr'>forte</span> <span class='ocrx_word' id='word_1_51' title='bbox 574 2681 635 2749; x_wconf 89' lang='lat' dir='ltr'>ipso</span> <span class='ocrx_word' id='word_1_52' title='bbox 654 2681 698 2731; x_wconf 90' lang='lat' dir='ltr'>die</span> <span class='ocrx_word' id='word_1_53' title='bbox 722 2688 896 2732; x_wconf 89' lang='lat' dir='ltr'>reverterunt</span> <span class='ocrx_word' id='word_1_54' title='bbox 911 2683 941 2733; x_wconf 88' lang='lat' dir='ltr'>in</span> <span class='ocrx_word' id='word_1_55' title='bbox 959 2686 1080 2750; x_wconf 79' lang='lat' dir='ltr'>patriam</span> 
     </span>
     <span class='ocr_line' id='line_1_10' title="bbox 37 2749 1082 2821; baseline -0.005 -13"><span class='ocrx_word' id='word_1_56' title='bbox 37 2761 178 2817; x_wconf 83' lang='lat' dir='ltr'>victores,</span> <span class='ocrx_word' id='word_1_57' title='bbox 199 2759 254 2821; x_wconf 78' lang='lat' dir='ltr'>quo</span> <span class='ocrx_word' id='word_1_58' title='bbox 272 2752 335 2802; x_wconf 84' lang='lat' dir='ltr'>fieri</span> <span class='ocrx_word' id='word_1_59' title='bbox 352 2767 429 2801; x_wconf 83' lang='lat' dir='ltr'>sacra</span> <span class='ocrx_word' id='word_1_60' title='bbox 455 2751 547 2802; x_wconf 88' lang='lat' dir='ltr'>eidem</span> <span class='ocrx_word' id='word_1_61' title='bbox 565 2750 632 2800; x_wconf 86' lang='lat' dir='ltr'>deae</span> <span class='ocrx_word' id='word_1_62' title='bbox 657 2749 842 2816; x_wconf 77' lang='lat' dir='ltr'>competebat.</span> <span class='ocrx_word' id='word_1_63' title='bbox 877 2749 928 2802; x_wconf 84' lang='lat' dir='ltr'>Sed</span> <span class='ocrx_word' id='word_1_64' title='bbox 948 2755 1082 2820; x_wconf 87' lang='lat' dir='ltr'>quoniam</span> 
     </span>
     <span class='ocr_line' id='line_1_11' title="bbox 36 2819 1081 2897; baseline -0.007 -20"><span class='ocrx_word' id='word_1_65' title='bbox 36 2824 202 2897; x_wconf 82' lang='lat' dir='ltr'>praesentia</span> <span class='ocrx_word' id='word_1_66' title='bbox 222 2821 359 2888; x_wconf 84' lang='lat' dir='ltr'>virginum</span> <span class='ocrx_word' id='word_1_67' title='bbox 377 2821 497 2884; x_wconf 85' lang='lat' dir='ltr'>deesset,</span> <span class='ocrx_word' id='word_1_68' title='bbox 515 2836 587 2886; x_wconf 84' lang='lat' dir='ltr'>qnae</span> <span class='ocrx_word' id='word_1_69' title='bbox 604 2837 636 2869; x_wconf 86' lang='lat' dir='ltr'>ea</span> <span class='ocrx_word' id='word_1_70' title='bbox 654 2819 797 2869; x_wconf 83' lang='lat' dir='ltr'>celebrare</span> <span class='ocrx_word' id='word_1_71' title='bbox 813 2829 1028 2887; x_wconf 86' lang='lat' dir='ltr'>consueverant,</span> <span class='ocrx_word' id='word_1_72' title='bbox 1044 2839 1081 2875; x_wconf 77' lang='lat' dir='ltr'>ne</span> 
     </span>
     <span class='ocr_line' id='line_1_12' title="bbox 39 2886 1124 2959; baseline -0.004 -12"><span class='ocrx_word' id='word_1_73' title='bbox 39 2892 211 2947; x_wconf 82' lang='lat' dir='ltr'>sacrificium</span> <span class='ocrx_word' id='word_1_74' title='bbox 227 2886 468 2953; x_wconf 75' lang='lat' dir='ltr'>intermitteretur,</span> <span class='ocrx_word' id='word_1_75' title='bbox 486 2895 609 2958; x_wconf 85' lang='lat' dir='ltr'>pastores</span> <span class='ocrx_word' id='word_1_76' title='bbox 627 2905 658 2937; x_wconf 86' lang='lat' dir='ltr'>ex</span> <span class='ocrx_word' id='word_1_77' title='bbox 676 2887 769 2937; x_wconf 86' lang='lat' dir='ltr'>vicinis</span> <span class='ocrx_word' id='word_1_78' title='bbox 787 2887 860 2955; x_wconf 83' lang='lat' dir='ltr'>agris</span> <span class='ocrx_word' id='word_1_79' title='bbox 879 2896 1084 2959; x_wconf 77' lang='lat' dir='ltr'>contraxerunt,</span> <span class='ocrx_word' id='word_1_80' title='bbox 1122 2942 1124 2947; x_wconf 80' lang='grc'><strong>,</strong></span> 
     </span>
     <span class='ocr_line' id='line_1_13' title="bbox 41 2956 1083 3030; baseline -0.003 -15"><span class='ocrx_word' id='word_1_81' title='bbox 41 2975 67 3016; x_wconf 85' lang='lat' dir='ltr'>et</span> <span class='ocrx_word' id='word_1_82' title='bbox 86 2979 141 3030; x_wconf 87' lang='lat' dir='ltr'>per</span> <span class='ocrx_word' id='word_1_83' title='bbox 159 2976 206 3012; x_wconf 88' lang='lat' dir='ltr'>eos</span> <span class='ocrx_word' id='word_1_84' title='bbox 223 2977 300 3010; x_wconf 83' lang='lat' dir='ltr'>sacra</span> <span class='ocrx_word' id='word_1_85' title='bbox 318 2959 512 3028; x_wconf 80' lang='lat' dir='ltr'>expedierunt,</span> <span class='ocrx_word' id='word_1_86' title='bbox 528 2956 658 3007; x_wconf 82' lang='lat' dir='ltr'>adhibitis</span> <span class='ocrx_word' id='word_1_87' title='bbox 675 2957 846 3006; x_wconf 84' lang='lat' dir='ltr'>carminibus</span> <span class='ocrx_word' id='word_1_88' title='bbox 864 2958 949 3008; x_wconf 86' lang='lat' dir='ltr'>etiam</span> <span class='ocrx_word' id='word_1_89' title='bbox 965 2960 1083 3029; x_wconf 73' lang='lat' dir='ltr'>rusticis,</span> 
     </span>
     <span class='ocr_line' id='line_1_14' title="bbox 40 3026 1084 3095; baseline 0.002 -18"><span class='ocrx_word' id='word_1_90' title='bbox 40 3035 142 3083; x_wconf 78' lang='lat' dir='ltr'>Rirnm</span> <span class='ocrx_word' id='word_1_91' title='bbox 160 3037 254 3081; x_wconf 82' lang='lat' dir='ltr'>auteur</span> <span class='ocrx_word' id='word_1_92' title='bbox 271 3027 582 3078; x_wconf 84' lang='lat' dir='ltr'>sacrorum-Bucolicon</span> <span class='ocrx_word' id='word_1_93' title='bbox 605 3026 794 3095; x_wconf 65' lang='lat' dir='ltr'>appellarunt,</span> <span class='ocrx_word' id='word_1_94' title='bbox 818 3040 875 3076; x_wconf 92' lang='lat' dir='ltr'>non</span> <span class='ocrx_word' id='word_1_95' title='bbox 892 3027 1025 3094; x_wconf 84' lang='lat' dir='ltr'>qnoniam</span> <span class='ocrx_word' id='word_1_96' title='bbox 1041 3030 1084 3081; x_wconf 78' lang='lat' dir='ltr'>ro&#39;-</span> 
     </span>
     <span class='ocr_line' id='line_1_15' title="bbox 10 3093 1085 3169; baseline -0.004 -15"><span class='ocrx_word' id='word_1_97' title='bbox 10 3151 17 3165; x_wconf 77' lang='grc'>,</span> <span class='ocrx_word' id='word_1_98' title='bbox 40 3103 100 3154; x_wconf 87' lang='lat' dir='ltr'>lum</span> <span class='ocrx_word' id='word_1_99' title='bbox 120 3099 209 3150; x_wconf 89' lang='lat' dir='ltr'>boum</span> <span class='ocrx_word' id='word_1_100' title='bbox 225 3105 348 3167; x_wconf 86' lang='lat' dir='ltr'>pastores</span> <span class='ocrx_word' id='word_1_101' title='bbox 365 3097 415 3165; x_wconf 90' lang='lat' dir='ltr'>ipsi</span> <span class='ocrx_word' id='word_1_102' title='bbox 433 3095 551 3158; x_wconf 80' lang='lat' dir='ltr'>inerint,</span> <span class='ocrx_word' id='word_1_103' title='bbox 574 3094 621 3145; x_wconf 92' lang='lat' dir='ltr'>sed</span> <span class='ocrx_word' id='word_1_104' title='bbox 639 3097 770 3161; x_wconf 70' lang='lat' dir='ltr'>qnoniam</span> <span class='ocrx_word' id='word_1_105' title='bbox 788 3093 870 3145; x_wconf 82' lang='lat' dir='ltr'>boves</span> <span class='ocrx_word' id='word_1_106' title='bbox 886 3111 989 3165; x_wconf 77' lang='lat' dir='ltr'>pecora</span> <span class='ocrx_word' id='word_1_107' title='bbox 1004 3114 1085 3169; x_wconf 83' lang='lat' dir='ltr'>prae·</span> 
     </span>
     <span class='ocr_line' id='line_1_16' title="bbox 10 3164 1085 3234; baseline -0.005 -11"><span class='ocrx_word' id='word_1_108' title='bbox 10 3218 18 3229; x_wconf 88' lang='grc'>,,</span> <span class='ocrx_word' id='word_1_109' title='bbox 41 3176 152 3223; x_wconf 85' lang='lat' dir='ltr'>starent</span> <span class='ocrx_word' id='word_1_110' title='bbox 175 3166 374 3234; x_wconf 76' lang='lat' dir='ltr'>magnitudine.</span> <span class='ocrx_word' id='word_1_111' title='bbox 408 3167 467 3214; x_wconf 89' lang='lat' dir='ltr'>Hoc</span> <span class='ocrx_word' id='word_1_112' title='bbox 493 3165 568 3215; x_wconf 87' lang='lat' dir='ltr'>idem</span> <span class='ocrx_word' id='word_1_113' title='bbox 593 3181 708 3214; x_wconf 88' lang='lat' dir='ltr'>carmen</span> <span class='ocrx_word' id='word_1_114' title='bbox 724 3164 888 3214; x_wconf 85' lang='lat' dir='ltr'>Astrobicon</span> <span class='ocrx_word' id='word_1_115' title='bbox 913 3164 1085 3232; x_wconf 81' lang='lat' dir='ltr'>dictumest,</span> 
     </span>
     <span class='ocr_line' id='line_1_17' title="bbox 10 3232 1084 3300; baseline -0.005 -10"><span class='ocrx_word' id='word_1_116' title='bbox 10 3234 12 3291; x_wconf 45' lang='grc' dir='ltr'>ᾗ</span> <span class='ocrx_word' id='word_1_117' title='bbox 41 3260 55 3292; x_wconf 82' lang='lat' dir='ltr'>a</span> <span class='ocrx_word' id='word_1_118' title='bbox 84 3242 182 3291; x_wconf 82' lang='lat' dir='ltr'>forma</span> <span class='ocrx_word' id='word_1_119' title='bbox 206 3235 313 3300; x_wconf 87' lang='lat' dir='ltr'>sedilis,</span> <span class='ocrx_word' id='word_1_120' title='bbox 336 3250 391 3300; x_wconf 87' lang='lat' dir='ltr'>quo</span> <span class='ocrx_word' id='word_1_121' title='bbox 416 3235 522 3284; x_wconf 83' lang='lat' dir='ltr'>advecti</span> <span class='ocrx_word' id='word_1_122' title='bbox 545 3236 670 3296; x_wconf 87' lang='lat' dir='ltr'>fuerant,</span> <span class='ocrx_word' id='word_1_123' title='bbox 694 3233 740 3299; x_wconf 82' lang='lat' dir='ltr'>qui</span> <span class='ocrx_word' id='word_1_124' title='bbox 767 3232 812 3283; x_wconf 90' lang='lat' dir='ltr'>illa</span> <span class='ocrx_word' id='word_1_125' title='bbox 835 3234 973 3285; x_wconf 78' lang='lat' dir='ltr'>cantaturi</span> <span class='ocrx_word' id='word_1_126' title='bbox 996 3243 1084 3287; x_wconf 87' lang='lat' dir='ltr'>eraut.</span> 
     </span>
     <span class='ocr_line' id='line_1_18' title="bbox 40 3297 1084 3372; baseline -0.006 -12"><span class='ocrx_word' id='word_1_127' title='bbox 40 3311 115 3360; x_wconf 84' lang='lat' dir='ltr'>Sunt</span> <span class='ocrx_word' id='word_1_128' title='bbox 132 3313 226 3357; x_wconf 86' lang='lat' dir='ltr'>autem</span> <span class='ocrx_word' id='word_1_129' title='bbox 244 3303 517 3366; x_wconf 75' lang='lat' dir='ltr'>Astrabavelricula,</span> <span class='ocrx_word' id='word_1_130' title='bbox 540 3303 611 3352; x_wconf 87' lang='lat' dir='ltr'>dicta</span> <span class='ocrx_word' id='word_1_131' title='bbox 630 3299 706 3365; x_wconf 66' lang='lat' dir='ltr'>nupti</span> <span class='ocrx_word' id='word_1_132' title='bbox 724 3297 756 3353; x_wconf 84' lang='grc' dir='ltr'>τό</span> <span class='ocrx_word' id='word_1_133' title='bbox 772 3297 811 3368; x_wconf 84' lang='grc' dir='ltr'><em>μή</em></span> <span class='ocrx_word' id='word_1_134' title='bbox 830 3306 1010 3372; x_wconf 70' lang='grc' dir='ltr'><strong><em>στρέφεσθαι,</em></strong></span> <span class='ocrx_word' id='word_1_135' title='bbox 1028 3319 1084 3372; x_wconf 82' lang='lat' dir='ltr'>quo</span> 
     </span>
     <span class='ocr_line' id='line_1_19' title="bbox 10 3371 1085 3439; baseline -0.006 -10"><span class='ocrx_word' id='word_1_136' title='bbox 10 3372 15 3381; x_wconf 62' lang='lat'><strong>¹</strong></span> <span class='ocrx_word' id='word_1_137' title='bbox 39 3377 126 3429; x_wconf 88' lang='lat' dir='ltr'>titulo</span> <span class='ocrx_word' id='word_1_138' title='bbox 146 3382 175 3424; x_wconf 87' lang='lat' dir='ltr'>et</span> <span class='ocrx_word' id='word_1_139' title='bbox 191 3375 301 3426; x_wconf 87' lang='lat' dir='ltr'>Plautus</span> <span class='ocrx_word' id='word_1_140' title='bbox 318 3372 442 3423; x_wconf 82' lang='lat' dir='ltr'>fabulam</span> <span class='ocrx_word' id='word_1_141' title='bbox 461 3371 612 3439; x_wconf 84' lang='lat' dir='ltr'>inscripsit,</span> <span class='ocrx_word' id='word_1_142' title='bbox 636 3372 664 3420; x_wconf 87' lang='lat' dir='ltr'>in</span> <span class='ocrx_word' id='word_1_143' title='bbox 685 3374 738 3438; x_wconf 66' lang='lat' dir='ltr'>qua</span> <span class='ocrx_word' id='word_1_144' title='bbox 755 3372 885 3423; x_wconf 86' lang='lat' dir='ltr'>mulieres</span> <span class='ocrx_word' id='word_1_145' title='bbox 901 3375 931 3424; x_wconf 91' lang='lat' dir='ltr'>in</span> <span class='ocrx_word' id='word_1_146' title='bbox 950 3373 1085 3424; x_wconf 88' lang='lat' dir='ltr'>eiusmodi</span> 
     </span>
     <span class='ocr_line' id='line_1_20' title="bbox 10 3440 1087 3508; baseline -0.005 -12"><span class='ocrx_word' id='word_1_147' title='bbox 10 3440 14 3452; x_wconf 68' lang='lat'><strong>¹</strong></span> <span class='ocrx_word' id='word_1_148' title='bbox 38 3443 179 3500; x_wconf 86' lang='lat' dir='ltr'>vehiculis</span> <span class='ocrx_word' id='word_1_149' title='bbox 202 3443 340 3493; x_wconf 86' lang='lat' dir='ltr'>inductae.</span> <span class='ocrx_word' id='word_1_150' title='bbox 374 3442 465 3492; x_wconf 76' lang='lat' dir='ltr'>Altera</span> <span class='ocrx_word' id='word_1_151' title='bbox 489 3456 571 3491; x_wconf 85' lang='lat' dir='ltr'>causa</span> <span class='ocrx_word' id='word_1_152' title='bbox 595 3440 629 3489; x_wconf 86' lang='lat' dir='ltr'>ad</span> <span class='ocrx_word' id='word_1_153' title='bbox 655 3440 758 3490; x_wconf 85' lang='lat' dir='ltr'>Siculos</span> <span class='ocrx_word' id='word_1_154' title='bbox 781 3440 909 3508; x_wconf 83' lang='lat' dir='ltr'>pertinet.</span> <span class='ocrx_word' id='word_1_155' title='bbox 924 3500 927 3506; x_wconf 91' lang='lat'>.</span> <span class='ocrx_word' id='word_1_156' title='bbox 944 3446 1014 3494; x_wconf 85' lang='lat' dir='ltr'>Ante</span> <span class='ocrx_word' id='word_1_157' title='bbox 1032 3443 1087 3492; x_wconf 86' lang='lat' dir='ltr'>Ge-</span> 
     </span>
     <span class='ocr_line' id='line_1_21' title="bbox 10 3507 1086 3580; baseline -0.008 -12"><span class='ocrx_word' id='word_1_158' title='bbox 10 3536 12 3543; x_wconf 79' lang='grc'><strong>’</strong></span> <span class='ocrx_word' id='word_1_159' title='bbox 38 3515 118 3569; x_wconf 86' lang='lat' dir='ltr'>lonis</span> <span class='ocrx_word' id='word_1_160' title='bbox 144 3511 321 3580; x_wconf 83' lang='lat' dir='ltr'>tyrannidem</span> <span class='ocrx_word' id='word_1_161' title='bbox 339 3507 476 3577; x_wconf 73' lang='lat' dir='ltr'>Syracusis</span> <span class='ocrx_word' id='word_1_162' title='bbox 500 3509 545 3559; x_wconf 87' lang='lat' dir='ltr'>lue</span> <span class='ocrx_word' id='word_1_163' title='bbox 570 3525 672 3577; x_wconf 81' lang='lat' dir='ltr'>pecora</span> <span class='ocrx_word' id='word_1_164' title='bbox 696 3509 857 3562; x_wconf 84' lang='lat' dir='ltr'>interibant.</span> <span class='ocrx_word' id='word_1_165' title='bbox 892 3510 997 3578; x_wconf 85' lang='lat' dir='ltr'>Quibus</span> <span class='ocrx_word' id='word_1_166' title='bbox 1014 3512 1086 3562; x_wconf 83' lang='lat' dir='ltr'>refo-</span> 
     </span>
     <span class='ocr_line' id='line_1_22' title="bbox 39 3579 1087 3648; baseline -0.006 -13"><span class='ocrx_word' id='word_1_167' title='bbox 39 3583 145 3637; x_wconf 86' lang='lat' dir='ltr'>vendis</span> <span class='ocrx_word' id='word_1_168' title='bbox 164 3590 256 3630; x_wconf 90' lang='lat' dir='ltr'>votum</span> <span class='ocrx_word' id='word_1_169' title='bbox 273 3581 413 3634; x_wconf 73' lang='lat' dir='ltr'>fecerunt3</span> <span class='ocrx_word' id='word_1_170' title='bbox 439 3581 552 3644; x_wconf 87' lang='lat' dir='ltr'>eiusque</span> <span class='ocrx_word' id='word_1_171' title='bbox 570 3579 623 3626; x_wconf 91' lang='lat' dir='ltr'>voti</span> <span class='ocrx_word' id='word_1_172' title='bbox 648 3585 804 3647; x_wconf 82' lang='lat' dir='ltr'>compotes,</span> <span class='ocrx_word' id='word_1_173' title='bbox 821 3581 963 3648; x_wconf 81' lang='lat' dir='ltr'>templum</span> <span class='ocrx_word' id='word_1_174' title='bbox 980 3579 1087 3630; x_wconf 82' lang='lat' dir='ltr'>Dianae</span> 
     </span>
     <span class='ocr_line' id='line_1_23' title="bbox 38 3647 1089 3716; baseline -0.008 -11"><span class='ocrx_word' id='word_1_175' title='bbox 38 3656 244 3712; x_wconf 78' lang='lat' dir='ltr'>instituerunt,</span> <span class='ocrx_word' id='word_1_176' title='bbox 275 3665 359 3716; x_wconf 82' lang='lat' dir='ltr'>quem</span> <span class='ocrx_word' id='word_1_177' title='bbox 385 3649 506 3715; x_wconf 69' lang='lat' dir='ltr'>Lyaeam</span> <span class='ocrx_word' id='word_1_178' title='bbox 531 3655 708 3710; x_wconf 84' lang='lat' dir='ltr'>vocaverunt,</span> <span class='ocrx_word' id='word_1_179' title='bbox 739 3655 888 3716; x_wconf 83' lang='lat' dir='ltr'>propterea</span> <span class='ocrx_word' id='word_1_180' title='bbox 912 3647 986 3715; x_wconf 85' lang='lat' dir='ltr'>quod</span> <span class='ocrx_word' id='word_1_181' title='bbox 1008 3648 1089 3698; x_wconf 81' lang='lat' dir='ltr'>malis</span> 
     </span>
     <span class='ocr_line' id='line_1_24' title="bbox 41 3715 1089 3783; baseline -0.009 -8"><span class='ocrx_word' id='word_1_182' title='bbox 41 3729 143 3775; x_wconf 86' lang='lat' dir='ltr'>essent</span> <span class='ocrx_word' id='word_1_183' title='bbox 161 3719 286 3770; x_wconf 84' lang='lat' dir='ltr'>absoluti.</span> <span class='ocrx_word' id='word_1_184' title='bbox 320 3716 360 3766; x_wconf 82' lang='lat' dir='ltr'>Ad</span> <span class='ocrx_word' id='word_1_185' title='bbox 379 3719 436 3766; x_wconf 85' lang='lat' dir='ltr'>eius</span> <span class='ocrx_word' id='word_1_186' title='bbox 453 3715 654 3766; x_wconf 86' lang='lat' dir='ltr'>dedicationem</span> <span class='ocrx_word' id='word_1_187' title='bbox 665 3716 791 3782; x_wconf 84' lang='lat' dir='ltr'>-plurimi</span> <span class='ocrx_word' id='word_1_188' title='bbox 809 3724 933 3783; x_wconf 85' lang='lat' dir='ltr'>pastores</span> <span class='ocrx_word' id='word_1_189' title='bbox 951 3716 1089 3769; x_wconf 86' lang='lat' dir='ltr'>confluxe-</span> 
     </span>
     <span class='ocr_line' id='line_1_25' title="bbox 41 3785 1090 3853; baseline -0.007 -11"><span class='ocrx_word' id='word_1_190' title='bbox 41 3800 133 3853; x_wconf 82' lang='lat' dir='ltr'>runt,</span> <span class='ocrx_word' id='word_1_191' title='bbox 158 3805 221 3836; x_wconf 87' lang='lat' dir='ltr'>curn</span> <span class='ocrx_word' id='word_1_192' title='bbox 248 3786 354 3835; x_wconf 86' lang='lat' dir='ltr'>utribus</span> <span class='ocrx_word' id='word_1_193' title='bbox 378 3787 439 3834; x_wconf 85' lang='lat' dir='ltr'>vino</span> <span class='ocrx_word' id='word_1_194' title='bbox 465 3786 567 3852; x_wconf 87' lang='lat' dir='ltr'>plenis,</span> <span class='ocrx_word' id='word_1_195' title='bbox 593 3793 621 3835; x_wconf 93' lang='lat' dir='ltr'>et</span> <span class='ocrx_word' id='word_1_196' title='bbox 645 3786 760 3852; x_wconf 86' lang='lat' dir='ltr'>panibus</span> <span class='ocrx_word' id='word_1_197' title='bbox 785 3786 886 3852; x_wconf 86' lang='lat' dir='ltr'>liguras</span> <span class='ocrx_word' id='word_1_198' title='bbox 904 3785 1029 3835; x_wconf 82' lang='lat' dir='ltr'>ferarum</span> <span class='ocrx_word' id='word_1_199' title='bbox 1047 3785 1090 3836; x_wconf 81' lang='lat' dir='ltr'>vel</span> 
     </span>
     <span class='ocr_line' id='line_1_26' title="bbox 43 3855 1091 3932; baseline -0.008 -19"><span class='ocrx_word' id='word_1_200' title='bbox 43 3874 188 3932; x_wconf 76' lang='lat' dir='ltr'>pecorum</span> <span class='ocrx_word' id='word_1_201' title='bbox 210 3855 402 3907; x_wconf 79' lang='lat' dir='ltr'>referentibus.</span> <span class='ocrx_word' id='word_1_202' title='bbox 445 3856 521 3919; x_wconf 85' lang='lat' dir='ltr'>lique</span> <span class='ocrx_word' id='word_1_203' title='bbox 546 3855 736 3917; x_wconf 86' lang='lat' dir='ltr'>instituerunt,</span> <span class='ocrx_word' id='word_1_204' title='bbox 767 3862 796 3903; x_wconf 88' lang='lat' dir='ltr'>ut</span> <span class='ocrx_word' id='word_1_205' title='bbox 826 3855 873 3920; x_wconf 87' lang='lat' dir='ltr'>qui</span> <span class='ocrx_word' id='word_1_206' title='bbox 897 3862 1091 3919; x_wconf 84' lang='lat' dir='ltr'>couvenerant,</span> 
     </span>
     <span class='ocr_line' id='line_1_27' title="bbox 44 3924 1090 3988; baseline -0.005 -10"><span class='ocrx_word' id='word_1_207' title='bbox 44 3927 147 3982; x_wconf 87' lang='lat' dir='ltr'>laudes</span> <span class='ocrx_word' id='word_1_208' title='bbox 164 3927 232 3975; x_wconf 87' lang='lat' dir='ltr'>deae</span> <span class='ocrx_word' id='word_1_209' title='bbox 248 3924 437 3985; x_wconf 79' lang='lat' dir='ltr'>decantarent,</span> <span class='ocrx_word' id='word_1_210' title='bbox 455 3931 595 3985; x_wconf 87' lang='lat' dir='ltr'>coronato,</span> <span class='ocrx_word' id='word_1_211' title='bbox 614 3924 661 3988; x_wconf 87' lang='lat' dir='ltr'>qui</span> <span class='ocrx_word' id='word_1_212' title='bbox 680 3939 724 3973; x_wconf 85' lang='lat' dir='ltr'>cas</span> <span class='ocrx_word' id='word_1_213' title='bbox 742 3925 842 3973; x_wconf 86' lang='lat' dir='ltr'>rectius</span> <span class='ocrx_word' id='word_1_214' title='bbox 861 3931 1090 3988; x_wconf 81' lang='lat' dir='ltr'>prosequeretur;</span> 
     </span>
     <span class='ocr_line' id='line_1_28' title="bbox 46 3990 1088 4054; baseline -0.006 -6"><span class='ocrx_word' id='word_1_215' title='bbox 46 3995 253 4048; x_wconf 79' lang='lat' dir='ltr'>contenderent</span> <span class='ocrx_word' id='word_1_216' title='bbox 269 4000 365 4042; x_wconf 88' lang='lat' dir='ltr'>autem</span> <span class='ocrx_word' id='word_1_217' title='bbox 385 4010 416 4041; x_wconf 86' lang='lat' dir='ltr'>ea</span> <span class='ocrx_word' id='word_1_218' title='bbox 441 3993 533 4042; x_wconf 83' lang='lat' dir='ltr'>formu</span> <span class='ocrx_word' id='word_1_219' title='bbox 551 3992 654 4054; x_wconf 83' lang='lat' dir='ltr'>ornati,</span> <span class='ocrx_word' id='word_1_220' title='bbox 679 4001 709 4040; x_wconf 88' lang='lat' dir='ltr'>ut</span> <span class='ocrx_word' id='word_1_221' title='bbox 726 4005 831 4040; x_wconf 88' lang='lat' dir='ltr'>cornua</span> <span class='ocrx_word' id='word_1_222' title='bbox 856 3990 942 4040; x_wconf 86' lang='lat' dir='ltr'>fronti</span> <span class='ocrx_word' id='word_1_223' title='bbox 958 3991 1088 4042; x_wconf 83' lang='lat' dir='ltr'>adiuncta</span> 
     </span>
     <span class='ocr_line' id='line_1_29' title="bbox 48 4058 1174 4128; baseline -0.006 -11"><span class='ocrx_word' id='word_1_224' title='bbox 48 4066 147 4117; x_wconf 78' lang='lat' dir='ltr'>taenia</span> <span class='ocrx_word' id='word_1_225' title='bbox 171 4062 327 4128; x_wconf 83' lang='lat' dir='ltr'>obligarent</span> <span class='ocrx_word' id='word_1_226' title='bbox 351 4077 414 4111; x_wconf 87' lang='lat' dir='ltr'>cum</span> <span class='ocrx_word' id='word_1_227' title='bbox 440 4071 501 4113; x_wconf 87' lang='lat' dir='ltr'>utre</span> <span class='ocrx_word' id='word_1_228' title='bbox 527 4069 555 4111; x_wconf 90' lang='lat' dir='ltr'>et</span> <span class='ocrx_word' id='word_1_229' title='bbox 578 4059 709 4121; x_wconf 87' lang='lat' dir='ltr'>reticulo,</span> <span class='ocrx_word' id='word_1_230' title='bbox 732 4074 786 4128; x_wconf 87' lang='lat' dir='ltr'>quo</span> <span class='ocrx_word' id='word_1_231' title='bbox 811 4058 937 4127; x_wconf 80' lang='lat' dir='ltr'>panificia</span> <span class='ocrx_word' id='word_1_232' title='bbox 955 4059 1091 4113; x_wconf 87' lang='lat' dir='ltr'>haberent</span> <span class='ocrx_word' id='word_1_233' title='bbox 1170 4094 1174 4101; x_wconf 77' lang='lat'><em>,</em></span> 
     </span>
    </p>
   </div>
   <div class='ocr_carea' id='block_1_5' title="bbox 0 0 1252 4620">
    <p class='ocr_par' dir='ltr' id='par_1_5' title="bbox 0 0 1252 4620">
     <span class='ocr_line' id='line_1_30' title="bbox 0 0 1252 4620; baseline 0 0"><span class='ocrx_word' id='word_1_234' title='bbox 0 0 1252 4620; x_wconf 95' lang='lat' dir='ltr'> </span> 
     </span>
    </p>
   </div>
  </div>
 </body>
</html>
