2430 4620
145 322 184 366 ru
207 299 666 395 vtno1L.aenetn.tht
687 302 959 381 xatas-²141·
1028 314 1073 377 33

37 499 83 543 ten
104 504 166 558 pro
195 496 357 560 temporum
382 490 516 559 qualitate
540 496 657 541 mutare.
705 483 777 539 Dies
809 485 928 555 [etitem]
951 497 1068 562 tempus.

36 560 161 628 [illidam
184 575 256 611 sene
279 576 337 609 non
354 558 413 610 dies
432 560 519 609 inulta
540 558 696 627 accipiunt,
719 558 767 609 sed
790 559 880 608 multa
905 562 1012 611 rettulit
1036 566 1068 615 in

34 630 125 680 melius
152 635 187 680 et
204 627 298 689 varia,
321 628 364 678 cui
387 645 444 679 non
466 636 498 677 ut
521 627 613 695 ipsum
634 626 742 677 varium
759 626 810 690 sit,
833 626 881 678 sed
902 635 934 677 ut
956 630 1069 685 fortuna

32 696 99 762 aina]
118 720 157 735 -·
194 704 263 753 427.
280 694 379 757 Lasia
396 697 515 759 decepit:
534 704 564 746 ut
580 700 621 759 (l,
637 695 725 754 tort:
748 693 827 760 Quiri
846 707 945 745 natum
964 703 1066 752 totiena

31 768 151 817 crudelis
171 777 205 815 tu
226 781 336 831 quoque
347 765 439 833 falsis
456 764 549 814 Ludis
567 764 765 829 imaginibus?
791 764 826 813 Et
844 766 875 814 in
892 767 985 819 solide
1003 787 1067 821 rur.

33 836 227 903 escforturaa
248 835 360 884 locavit.
394 833 526 903 subaudis
550 840 579 883 et
595 833 707 882 torrites,
742 833 834 883 Etcst
850 849 958 886 sensus:
980 837 1010 888 in
1026 855 1069 888 so—

31 903 111 955 lidum
129 903 281 955 rei-orarit
298 917 453 971 oppressos,
476 900 527 968 [et]
543 900 625 967 paulo
642 907 707 951 ante
724 900 882 952 derelictos:
905 904 978 954 lesit
994 922 1068 975 vero,

31 980 57 1023 et
68 973 183 1041 decepit
200 971 307 1025 felices.
325 998 359 1007 -
392 977 455 1028 428.
471 971 538 1021 Nan
556 972 610 1019 erit
627 970 738 1019 auxilio
755 978 824 1037 etc.;
850 970 924 1021 redit
938 973 974 1024 ad
989 990 1069 1027 rem:

33 1040 86 1108 quia
101 1040 297 1092 occurrebat:
313 1038 366 1089 Sed
384 1051 524 1106 negentur
541 1038 661 1107 auxilia.
696 1036 824 1089 Aetolum
838 1046 932 1091 autem
944 1039 1070 1113 dicendo,

34 1111 173 1161 circuires
191 1125 229 1159 ex
243 1107 369 1159 Graecae
382 1108 476 1175 gentis
493 1106 758 1158 commemoratione
772 1107 903 1174 debilitat,
918 1111 963 1177 [ut
976 1120 1069 1167 orten-

37 1177 75 1229 lu
84 1180 147 1247 plus
174 1193 241 1228 esse
255 1175 288 1227 in
303 1176 432 1243 Messapo
449 1192 482 1225 ac
500 1175 665 1239 Tolumnio,
681 1174 704 1224 si
720 1174 868 1228 Diomedes
885 1184 914 1228 et
928 1177 1023 1232 infelix
1039 1191 1070 1235 et

41 1246 124 1299 dau·
147 1245 263 1296 finibus
287 1242 584 1309 commemoraretur]
607 1269 641 1280 -
688 1247 751 1299 teo
774 1245 810 1293 At
832 1244 983 1312 Messapus
1005 1254 1070 1320 arie,

36 1312 147 1385 ¹felixque
170 1314 368 1375 Tolumnium
385 1314 457 1365 beare
475 1313 529 1364 duo
547 1312 646 1374 iunxit,
662 1328 734 1378 quae
751 1322 922 1379 quaerruttur
939 1315 968 1366 in
986 1316 1069 1389 bello,

38 1384 242 1447 iltrtitudinem,
265 1391 295 1434 et
318 1383 490 1435 felicitatem.
524 1380 597 1432 Nam
615 1380 649 1431 de
666 1380 794 1449 Messapo
817 1380 875 1432 iem
898 1382 1016 1453 legimus
1033 1392 1069 1457 (7,

37 1454 116 1517 6923:
150 1452 253 1520 Quem
277 1468 367 1520 aeque
392 1452 446 1521 fas
474 1452 538 1518 igni
568 1451 722 1516 cuiquam,
752 1466 801 1499 nec
833 1463 953 1504 mernere
974 1453 1068 1522 jer-ro.

10 1514 13 1543 ²
37 1518 184 1591 Itemque
210 1527 309 1573 auitam
332 1528 428 1572 contra
445 1518 612 1570 Diomedem
636 1517 715 1582 dicit,
739 1532 823 1585 quern
845 1519 963 1573 dicendo
980 1523 1069 1579 Grae·

37 1604 99 1657 tam,
121 1594 258 1643 inertem
282 1589 450 1659 significavit
485 1587 678 1639 infelicitatem
695 1602 760 1637 vero
783 1588 841 1638 eius
858 1591 1014 1658 supradicta
1030 1594 1068 1647 le·

40 1666 155 1725 tatarum
175 1657 267 1711 verba
280 1664 424 1717 testantur.
456 1657 632 1727 [Opportuna
649 1669 716 1721 ergo
733 1654 778 1705 hic
796 1652 890 1724 felir,
911 1660 986 1727 quod
1001 1662 1069 1713 Dio·

39 1728 98 1779 medi
120 1744 181 1781 nec
204 1734 272 1796 post
292 1725 438 1778 victoriam
460 1722 595 1791 contigit]
612 1752 646 1762 -
680 1728 741 1779 430.
758 1722 816 1774 Nec
833 1743 922 1791 parua
939 1744 1069 1796 sequetur

39 1794 146 1861 Glorior
170 1796 270 1848 litotes
283 1794 382 1863 figura
416 1795 509 1845 Minus
527 1794 602 1844 enim
616 1792 684 1844 dixit
701 1807 785 1859 quam
803 1794 892 1845 voluit.
926 1796 999 1848 Nam
1014 1800 1069 1851 hoc

38 1864 180 1933 fignificat:
204 1863 312 1915 Latina
333 1864 421 1931 pubes
444 1860 591 1914 celerrime
616 1861 758 1911 victoriam
781 1862 953 1931 adipiscitur}
984 1884 1069 1934 quam

39 1934 72 1985 n'r
85 1933 195 1987 Graeci
216 1941 283 2001 post
306 1932 470 1984 decennium
493 1937 556 1980 sunt
579 1929 679 1999 adepti.
696 1956 730 1968 --
764 1932 826 1986 432.
843 1928 893 1982 Est
910 1945 936 1982 et
957 1934 1069 1988 Volsco-

40 2020 91 2053 rum
108 2012 182 2064 etc,
200 2013 233 2052 ut
251 2003 281 2053 in
297 2019 325 2053 se
345 2001 431 2063 timo,
448 2014 592 2065 segregem
611 1998 712 2063 (Gueli.
731 1998 751 2047 i.
769 2003 953 2067 segregatam)
971 2020 1034 2055 eom
1052 2023 1070 2058 a

39 2070 153 2123 tuorum
173 2070 263 2122 eflicit
279 2020 463 2132 maritimdino,
482 2076 509 2119 et
526 2068 658 2134 qusniam
674 2068 690 2116 a
708 2082 772 2116 sexu
789 2082 845 2120 non
863 2078 960 2137 potest,
977 2072 1070 2127 laudat

37 2148 173 2209 aperite.
209 2141 259 2207 [Et
281 2139 338 2189 vult
359 2136 504 2189 ostendere
529 2137 562 2187 de
580 2138 642 2187 viris
666 2135 781 2204 amplius
803 2138 970 2202 sperandum
995 2142 1017 2192 si
1041 2153 1069 2196 et

37 2208 136 2261 tenua
154 2207 323 2272 dimicaret,
345 2214 393 2257 aut
408 2213 440 2255 ut
455 2205 558 2255 Drarrci
578 2204 770 2273 exprobraret,
796 2204 917 2270 puellam
934 2224 991 2260 non
1010 2226 1069 2263 me·

35 2276 263 2329 uae'rroianos
274 2291 343 2343 quos
353 2273 502 2326 Diomedes
516 2273 628 2324 timeret
641 2281 670 2324 et
681 2272 823 2338 Drances]
838 2299 871 2311 -·
904 2280 967 2333 434ἢ
985 2277 1069 2344 Quod

35 2348 62 2397 a'
73 2354 143 2406 etc-3
167 2344 238 2412 (suia
251 2344 355 2402 audiit:
378 2343 465 2394 ilium
482 2343 576 2406 aspice
594 2355 689 2391 contra
709 2339 768 2407 Qui
785 2354 872 2392 vocat.
907 2345 1000 2398 Etiam
1017 2350 1070 2400 uti·

33 2420 77 2465 ιιι·
92 2414 198 2474 ductu3
213 2411 410 2483 namcblique
426 2409 565 2479 promittit
581 2427 610 2461 se
626 2410 757 2478 singulari
771 2412 923 2463 certamine
937 2414 1070 2470 dimicare

34 2482 115 2547 velle,
130 2496 203 2532 cum
219 2481 297 2533 nolit.
327 2478 462 2531 Similiter
479 2480 564 2531 etiam
581 2479 610 2529 in
628 2478 792 2530 duodecimo
811 2480 874 2543 (ld-l
894 2482 957 2548 agit,
975 2484 1068 2538 dicens

33 2550 170 2603 irrisorie:
196 2549 316 2600 Sedeant
339 2561 530 2617 aspectentque
554 2546 661 2598 Latini.
681 2574 712 2583 -
754 2552 815 2604 435.
841 2550 939 2617 [quue
961 2554 1067 2620 placem

33 2618 98 2673 itinn
114 2614 252 2689 apparet,
275 2634 340 2669 eum
357 2617 430 2669 nolle
453 2632 591 2687 pugnare,
615 2617 639 2666 si
662 2617 765 2686 placet,
789 2616 892 2683 inquit,
917 2620 991 2671 vobis
1015 2623 1068 2673 hoc

27 2686 93 2753 ,fieri
108 2687 188 2757 quod
203 2687 288 2739 hostis
305 2684 440 2754 postulat]
476 2683 651 2750 Tantumque
666 2687 748 2735 bonis
766 2689 961 2738 communibus
974 2691 1068 2757 οἶκτος

32 2764 61 2809 et
74 2758 106 2809 in
123 2764 238 2807 tantam
256 2755 355 2805 obsum
371 2755 524 2805 commodis
542 2755 656 2821 publicis
665 2792 672 2817 ,
690 2763 720 2804 ut
736 2753 790 2804 nisi
806 2755 877 2805 solus
892 2757 1067 2822 dimicavere,

30 2824 162 2877 mamma
178 2826 306 2875 amiversa
320 2823 492 2893 resptthlica3
505 2824 548 2889 [et
562 2824 682 2890 imputat
697 2831 830 2889 tanquam
847 2824 899 2876 hoc
916 2827 983 2876 facit
995 2824 1068 2895 quod
1160 2842 1164 2849 ¹

65 2909 83 2944 o
110 2893 245 2946 omnibus
268 2893 390 2942 facturus
413 2890 471 2955 est]
494 2918 528 2926 —
570 2896 636 2949 436.
662 2892 727 2943 lt'on
753 2892 838 2954 adeo,
862 2909 918 2943 non
942 2896 1068 2948 multum.

48 2962 105 3015 'am
122 2961 282 3015 verecunde
297 2959 367 3011 dicit
383 2970 519 3010 assuetam
536 2961 663 3011 manibus
687 2961 740 3010 suis
759 2976 816 3011 esse
835 2961 987 3012 victoriam.
1021 2965 1069 3031 [Et

34 3028 106 3085 bene
126 3047 251 3092 manus,
272 3046 323 3097 per
339 3044 406 3097 (suas
429 3028 460 3078 iit
482 3030 540 3097 ipsa
563 3029 691 3091 victoria,
713 3037 743 3079 et
766 3036 863 3080 contra
881 3048 983 3080 manus
1001 3033 1068 3084 dare

32 3098 178 3164 dicuutrar,
203 3098 253 3166 qui
268 3097 370 3149 dedunt
386 3114 416 3147 se
433 3097 516 3162 victi]
532 3122 567 3133 ·-
600 3104 661 3154 437.
681 3096 772 3147 Tanta
791 3112 840 3162 pro
863 3116 924 3164 spe;
948 3107 979 3150 ut
995 3102 1067 3153 solus

31 3168 111 3221 dicar
134 3182 260 3219 servasse
282 3182 344 3216 rem
368 3166 522 3239 publicam,
547 3166 605 3234 [vel
629 3183 676 3231 spe
702 3166 900 3231 matrimonii]
924 3190 957 3206 -
1005 3173 1067 3227 433

33 3236 82 3289 dio
102 3238 215 3288 animis
233 3247 346 3286 contra:
364 3252 396 3285 ac
413 3237 435 3285 si
453 3235 572 3287 diceret:
590 3234 617 3284 Si
630 3234 727 3285 desunt
744 3237 866 3301 terporis
880 3236 963 3298 vires3
978 3239 1066 3304 [com-

32 3307 146 3359 mendat
170 3311 267 3355 autem
291 3303 410 3370 gratiam
433 3304 606 3365 certaminis,
630 3322 664 3353 ne
688 3304 786 3354 invitus
803 3304 926 3354 videatur
949 3305 1067 3371 adduci]

34 3372 101 3437 vet,-
123 3375 222 3426 etiam.
257 3372 396 3439 Magnum
419 3386 538 3439 praestet
556 3372 698 3421 Achillem.
733 3373 768 3420 L't
791 3384 902 3437 praesta
928 3376 1026 3440 ittam,
1049 3376 1067 3427 i.

32 3460 73 3511 t,
88 3442 192 3494 melior
207 3441 258 3492 illo
275 3457 350 3491 sum:
368 3449 397 3491 et
413 3455 522 3508 praesto
543 3443 589 3491 illi
606 3440 728 3491 dicimus.
765 3442 861 3492 Cicero
879 3441 907 3491 in
926 3443 1067 3496 Caesaria-

33 3512 77 3563 nis
93 3520 158 3578 (pro
176 3510 267 3561 Deiot.
284 3510 334 3571 4.).·
361 3509 450 3561 Tanto
471 3512 518 3561 ille
537 3513 695 3574 superiores
714 3511 818 3559 vicerat
834 3511 943 3576 glorio,
961 3525 1065 3578 quanta

33 3590 65 3631 tu
89 3580 225 3632 omnibus
251 3581 427 3645 praestitisti.
450 3604 485 3614 -
530 3584 593 3637 432).
620 3579 739 3627 Vulcani
767 3586 835 3640 etc.3
867 3578 939 3630 bene
962 3582 1068 3633 addidit

72 3651 128 3700 ria.
166 3648 241 3698 Nam
264 3648 350 3698 etiam
376 3652 480 3699 Aeneas
509 3648 605 3698 habuit
629 3665 706 3698 arrrm
732 3647 868 3698 Vulcania.
916 3648 970 3715 [Et
994 3650 1066 3702 mire

104 3718 111 3729 '
129 3717 231 3769 falsum
249 3717 284 3765 sit
300 3719 420 3767 Aeneam
438 3716 541 3767 haltere
559 3733 637 3767 arma
655 3715 805 3779 Vulcania]
839 3715 918 3766 Licet
935 3718 1068 3783 possimus

132 3823 141 3851 ,
163 3785 241 3852 quod
263 3784 316 3834 hoc
334 3786 443 3836 Turnus
464 3787 588 3852 ignoret:
615 3786 688 3852 qttod
712 3792 806 3834 tamon
831 3800 886 3833 non
911 3785 987 3836 valde
1010 3786 1067 3836 ido·

52 3852 56 3857 ’
143 3852 352 3923 comprobatur.
375 3880 409 3889 -
453 3857 516 3910 440.
544 3855 627 3904 Vobis
652 3856 779 3902 anonam
803 3851 889 3914 hanc,
921 3871 1068 3918 soceroque

45 3914 156 3987 'rria0‚·
178 3923 253 3973 bene
269 3922 321 3971 sibi
339 3931 367 3973 et
383 3924 507 3975 favorem
525 3923 652 3973 conciliat
668 3922 777 3988 pepuli,
796 3929 825 3971 et
841 3938 857 3971 a
874 3923 963 3971 soceri
980 3922 1068 3971 nomi-

49 4006 81 4039 ιιι
96 3990 267 4059 praeiudicio
280 3989 371 4040 Latini
388 3992 512 4061 implicet
525 3992 698 4042 voluntatem.
713 4016 745 4024 -
780 3992 841 4045 441.
860 3986 988 4055 [Turnus
1002 4008 1067 4056 ege3

51 4068 119 4123 pur
133 4062 261 4113 Drances
276 4060 447 4127 contemta]
485 4058 545 4129 Ulli
563 4072 682 4110 veterum
700 4061 804 4109 virtute
822 4059 980 4119 secundus,-
1005 4059 1070 4109 dici-

94 4182 142 4257 ΙΙ,
647 4172 649 4177 ’
857 4181 873 4229 ³
