2430 4620
144 318 213 381 ³52
415 306 549 373 enom
571 306 928 373 COMMENTARIUS

147 494 177 549 δι’
195 492 285 549 πάντα
302 490 448 557 didonem,
467 492 579 545 innotos
595 493 700 565 ἔμμορε
717 488 815 563 τιμῆς,
833 490 920 551 Ἤτοι
936 492 1012 567 s'yoir
1029 492 1129 561 ἔλαχον
1143 490 1179 549 iis

146 570 256 631 ναιὲμεν
280 565 331 617 ne'rl
353 562 543 631 mulionicam,
570 560 666 631 ’Ᾱίδῆΰ
690 560 716 619 d'
737 564 832 629 ἔλαχεν
854 562 941 635 ζόφον
959 562 1110 633 ἠερόεντα·
1132 566 1179 619 zris

148 632 174 691 δ’
190 634 284 699 ilaus·
306 630 424 703 viperis
447 632 529 697 elpis
553 630 583 685 ir
599 636 695 705 αἰθέρι
710 642 757 689 stol
778 634 914 709 νεφέλῃσι·
930 642 1011 691 Γαῖα
1030 632 1058 691 δ’
1075 636 1119 689 ἔτι
1133 633 1178 703 ieri

147 702 259 759 πᾶνιων
280 712 326 757 sel
349 700 457 773 ponpis
476 700 625 770 Ὄλυμπον.
676 706 712 755 Ut
734 704 770 757 sd
796 708 890 759 lovem
918 707 1024 759 aether
1050 707 1180 775 pertineat,

147 792 229 829 mare
245 776 281 827 ad
299 776 477 845 Neptunum,
493 774 564 825 Ditis
582 773 701 843 imperis
717 774 791 845 apud
807 774 921 840 interos,
936 782 1056 829 terram
1073 790 1180 827 cornuis

148 862 214 899 uem
238 844 368 897 omnibns
392 844 565 895 rerssansisse.
598 844 631 893 ln
655 858 710 911 quo
734 842 1014 897 animadvertendum
1042 852 1104 909 est,
1125 842 1180 913 qud

147 918 285 967 Homerus
301 914 456 963 consentiat
472 910 635 979 Empedocli
652 920 680 963 et
696 912 876 977 Heracleorii,
898 912 993 965 Cicer.
1009 912 1127 967 diversa
1140 914 1180 981 ομ

148 984 196 1038 nio
217 1001 242 1036 e.
275 981 432 1035 Aristoteles
449 990 579 1047 quattuor
596 980 735 1033 elementa
751 981 805 1043 ait,
829 998 932 1049 aquam
949 990 983 1033 et
998 988 1119 1035 terram
1132 998 1180 1051 pte

148 1054 209 1107 den
230 1066 261 1103 us
277 1054 332 1103 suis
350 1050 480 1101 deorsum
498 1050 583 1113 ferri,
608 1050 704 1121 ignem
728 1056 756 1103 et
779 1054 846 1103 s'e'ra
867 1050 1006 1103 tenuitate
1032 1068 1088 1106 sus
1112 1050 1180 1104 suile

146 1122 221 1187 vrri,
237 1129 266 1173 et
281 1120 324 1171 nis
342 1126 471 1187 quattuor
488 1118 632 1170 elementis
648 1118 791 1187 quintum,
807 1120 887 1188 quasi
921 1120 1071 1191 roprium,
1087 1120 1181 1173 aetiten

149 1190 228 1244 addit
248 1190 356 1259 privata
377 1188 453 1239 mole
478 1188 636 1239 discretum.
682 1186 763 1239 Idem
786 1188 906 1241 aristote
931 1206 946 1239 s
970 1190 1032 1253 air,
1058 1204 1120 1243 non
1139 1206 1181 1243 e!

148 1260 241 1323 idem,
257 1256 353 1327 ignem
372 1264 401 1307 et
417 1272 497 1317 aera3
521 1254 763 1325 diversitatemque
780 1272 879 1309 eorum
895 1256 1090 1327 comprobari
1106 1276 1138 1313 es
1150 1272 1182 1323 st,

149 1328 225 1399 quod
241 1326 313 1395 ignis
330 1326 427 1377 omnia
443 1332 605 1389 consumat,
628 1324 725 1377 aether
749 1324 845 1377 omnia
860 1334 1008 1381 somerset
1038 1335 1071 1381 et
1086 1328 1182 1381 nutriat

149 1402 322 1465 Musagorus
339 1394 382 1446 liis
399 1402 530 1463 quattuor
553 1394 697 1445 elementis
719 1393 874 1447 constitutis
895 1402 1049 1449 rectorem
1073 1396 1183 1465 adiungit

148 1466 205 1519 sive
228 1463 373 1531 spiritum,
395 1468 451 1513 sive
473 1462 573 1528 deum,
595 1462 651 1513 sice
672 1470 814 1527 menum,
857 1480 890 1515 er
905 1462 979 1517 haee
996 1474 1137 1535 quattuor
1150 1482 1182 1519 se·

170 1540 262 1585 untur.
301 1532 353 1583 liic
368 1534 543 1597 Anaxagoras
560 1532 704 1585 Abderites
726 1532 795 1596 iuit,
847 1534 985 1585 emocrito
1002 1534 1182 1607 popularisd

149 1552 312 1669 discipulum
328 1615 489 1669 quanquam
506 1600 554 1651 alii
570 1600 733 1669 Dionysium
749 1600 933 1671 Cyzicenum,
954 1602 1081 1683 quidam
1096 1604 1183 1657 drim-

148 1672 236 1725 telem
259 1670 424 1737 magistrum
448 1670 507 1721 eius
531 1668 685 1731 affirmeut3
706 1668 749 1721 vir
772 1670 888 1736 nobilis,
910 1686 1023 1723 amicus
1040 1670 1182 1735 mnium

149 1738 224 1811 apud
240 1738 334 1791 Persas
349 1754 453 1790 eomes.
487 1738 540 1789 Hic
563 1740 689 1789 animum
712 1738 880 1808 principium
903 1738 1042 1793 omnium
1066 1756 1181 1795 murm

149 1810 232 1865 facim
248 1824 333 1875 quern
350 1816 458 1859 secutus
475 1808 552 1859 l’lato
569 1808 597 1859 in
615 1808 654 1859 lib
685 1816 747 1875 srael
768 1805 858 1873 Ψυχῆς
875 1808 915 1860 sic
931 1811 989 1861 ait:
1013 1804 1097 1865 ’Au'
1112 1805 1181 1863 dmi.

150 1894 198 1933 eos
213 1880 264 1945 μέν
287 1896 353 1931 ποτε
371 1874 488 1946 ispiciens·
504 1872 578 1929 τιν-ὒν
601 1872 637 1928 uis
654 1874 740 1930 itam
754 1870 943 1945 Ἀναξαγόρου
960 1872 1181 1949 ἆναγινῶοκονωε

151 1954 197 2003 sul
213 1946 349 2015 λέγοντος,
374 1942 410 1999 nis
426 1943 481 2015 ἄρα
497 1946 558 1997 νοΐ-ν
575 1944 648 1999 ἐστὶν
665 1942 680 1997 ὃ
697 1942 788 1999 πάνια
805 1944 857 2001 as'sl
880 1946 990 2033 κοσμῶν
1007 1968 1043 2003 τε
1061 1956 1106 2003 ael
1121 1946 1182 2005 striv-

150 2036 206 2073 των
222 2020 326 2082 al'rms,
349 2012 424 2077 iilois'
440 2040 489 2081 ⁸uos
507 2006 537 2069 si
553 2016 636 2077 iisse,
660 2011 709 2068 edu
725 2014 789 2067 νοῦν
805 2018 875 2072 εἶναι
891 2036 1008 2071 παντων
1026 2022 1129 2085 αἴτιον,
1145 2024 1183 2071 ael

150 2082 309 2159 ἦγηοᾶμο,ι·,
342 2083 367 2139 si
394 2086 475 2139 riviro
504 2080 590 2138 allus
618 2088 690 2149 iios,
721 2082 800 2139 τόνδε
829 2084 893 2139 νοι”·ν
918 2086 1081 2157 κοσμοῦντα
1102 2086 1182 2143 ns'm

151 2164 270 2225 κοσμεῖν.
307 2154 387 2223 Quem
403 2174 491 2223 aeque
511 2156 638 2223 Virgilius
663 2156 737 2207 idem
761 2166 869 2209 secutus
892 2166 949 2209 est:
973 2158 1096 2229 Spiritus
1115 2160 1180 2211 intras

152 2230 217 2291 alit,
240 2236 383 2291 totamque
401 2226 491 2275 inlusa
509 2242 558 2293 per
579 2234 656 2275 artus
671 2224 754 2276 Mens
770 2226 857 2293 agitat
873 2226 988 2278 molem.
1028 2230 1098 2281 Nam
1112 2226 1177 2297 quod

152 2300 324 2363 Anaxagoras
343 2290 405 2344 νοΐ-ν
421 2294 497 2344 hunc
514 2292 614 2358 (lu'o?)
639 2294 768 2363 spiritum
784 2296 867 2358 dixit,
892 2303 921 2347 et
939 2298 1077 2364 quoniam
1089 2294 1177 2347 iusidi-

90 2391 95 2405 ·
151 2382 214 2418 mus
236 2364 266 2415 in
291 2365 365 2415 lituu·
389 2362 495 2425 locum,
518 2379 583 2431 pars
606 2370 646 2415 est
670 2364 808 2429 praesenti
831 2365 1006 2432 quaestioni,
1032 2362 1180 2419 suriunmim

151 2434 307 2497 videmnus,
330 2432 396 2500 quid
419 2433 447 2482 iu
471 2432 513 2483 his
531 2447 640 2511 quoque
664 2440 728 2499 agat
744 2434 882 2501 Virgilius.
916 2435 1024 2485 Versus
1042 2436 1081 2487 itt
1093 2451 1120 2487 se
1134 2432 1182 2485 lia·

150 2504 219 2555 bent
241 2506 281 2569 (el.
299 2510 332 2563 tl,
349 2500 436 2562 724.):
460 2502 598 2567 Principio
616 2502 725 2553 coelum
741 2520 775 2552 ac
792 2511 880 2554 terras
897 2519 1074 2573 cainposqne
1086 2502 1183 2581 liquen-

150 2582 191 2623 tes
208 2570 418 2636 Lucentemque
442 2570 557 2637 globum
580 2570 676 2632 hinne,
698 2570 864 2639 'l'ituniaqne
888 2580 964 2623 astru
981 2572 1103 2641 Spiritus
1118 2578 1184 2623 intus

150 2642 207 2693 alit.
249 2641 329 2709 Quod
352 2640 392 2689 ibi
416 2639 553 2690 Aruhisen
574 2640 642 2690 facit
664 2639 865 2705 disputantem,
892 2642 968 2709 quod
995 2642 1048 2695 hic
1071 2642 1184 2695 Silenum

151 2712 251 2771 deum,
267 2726 322 2761 nou
341 2709 394 2759 nisi
411 2710 484 2775 quod
503 2712 584 2773 poeta
600 2708 706 2759 Ennius
719 2709 856 2761 Anchisen
873 2710 1000 2777 augurii,
1018 2728 1055 2762 ac
1072 2729 1123 2780 per
1137 2711 1184 2761 hoc

151 2780 236 2834 divini
253 2779 399 2847 (muldam,
423 2776 550 2829 habuisse
567 2777 734 2845 praesumit:
756 2778 800 2829 Sic
818 2779 913 2830 doctus
929 2778 1085 2845 Anchises,
1102 2782 1184 2831 Venus

152 2866 237 2919 quem
268 2848 322 2917 pul«
332 2848 384 2897 lua
415 2844 531 2897 alearum
561 2846 625 2897 l'ari
656 2844 766 2897 donavit
793 2847 915 2899 divinum
944 2856 1048 2915 peetus
1077 2850 1183 2902 habere.

151 2918 268 2969 Nae-iius
287 2917 351 2967 belli
367 2916 461 2965 Punici
479 2916 526 2966 lib.
543 2916 587 2964 111.
606 2914 658 2965 sic:
682 2915 830 2983 Postquam
853 2933 932 2969 avem
956 2918 1067 2988 aspexit
1086 2916 1183 2984 templo

151 2986 297 3049 Anchises,
319 3002 397 3037 sacra
414 2984 552 3035 immensa
568 2985 713 3051 peuminm
730 2986 827 3037 ordine
842 2994 1000 3055 ponuntur,
1026 2987 1184 3040 immolabat

151 3071 267 3107 auream
291 3054 430 3105 sic-tiniam
453 3052 608 3123 pulchram.
642 3053 771 3122 Virgilius
787 3054 840 3107 sic:
863 3056 900 3105 Et
922 3054 946 3105 si
968 3056 1079 3124 p'ietete
1102 3072 1184 3108 mere·

151 3140 231 3187 mur,
256 3123 289 3173 ila
306 3124 404 3175 deiude
422 3122 570 3189 uirgurium
587 3129 681 3191 pater,
704 3131 786 3190 atque
803 3124 872 3177 haec
890 3125 985 3176 omnia
1003 3126 1100 3178 firma.
1133 3122 1182 3175 Nisi

152 3193 229 3245 enim
247 3192 368 3261 petiis-et
384 3192 490 3253 omniu,
507 3207 651 3257 nimquam
668 3192 827 3244 confirmari
845 3210 861 3242 o
881 3200 971 3245 tusses.
1006 3194 1121 3248 Dehinc
1136 3193 1182 3243 risa

151 3262 229 3313 stella
245 3260 299 3312 uit:
317 3262 442 3311 Vestrum
459 3261 513 3311 hoc
529 3260 679 3327 augurium
692 3270 742 3311 etc.
777 3262 853 3313 ldem
862 3211 962 3331 i'irgil
973 3260 1004 3312 in
1020 3266 1068 3316 ΙΙΙ,
1082 3262 1182 3317 reneio

151 3330 201 3381 uhi
225 3332 349 3399 primum
373 3330 497 3393 ltaliam,
518 3344 572 3395 qno
596 3330 728 3397 auspicati
750 3339 828 3395 suut,
851 3348 883 3382 ac
906 3332 1050 3398 templum
1073 3333 1105 3385 in
1128 3347 1182 3383 arce

152 3400 308 3459 utinen-nn,
326 3398 468 3448 conditum
487 3397 522 3447 ab
540 3398 688 3449 Idomeneo
706 3405 736 3450 et
747 3398 901 3451 Salentiuis.
935 3400 979 3452 De
997 3419 1057 3470 qua
1075 3420 1108 3455 re
1122 3399 1181 3451 haee

151 3468 237 3521 tradit
253 3468 355 3529 Varro,
378 3467 426 3533 qui
445 3466 495 3531 (sic
512 3467 692 3534 lllenippeus,
717 3483 772 3518 non
797 3487 813 3520 a
837 3470 970 3537 magistro
978 3507 987 3535 ,
1012 3472 1094 3522 cuius
1119 3476 1182 3521 aens

151 3536 233 3605 longe
251 3544 452 3603 praecesserat,
469 3535 641 3599 nominatus,
663 3535 710 3587 sed
733 3555 750 3587 a
773 3538 902 3590 societate
926 3538 1052 3605 ingenii,
1077 3536 1181 3608 quodis

151 3622 260 3674 quoque
277 3605 428 3671 omnigeno
444 3605 570 3657 carmine
593 3606 690 3655 satiras
707 3622 768 3656 snas
786 3607 960 3673 expoliverat)
981 3608 1013 3658 in
1033 3610 1119 3661 tertio
1135 3607 1181 3657 Re·

149 3690 215 3725 rum
232 3676 424 3725 Humanarum
442 3676 542 3724 refert:
566 3674 661 3723 (lentis
679 3673 833 3726 Salentinae
858 3692 962 3725 nomeu
979 3676 1074 3727 tribus
1092 3696 1108 3729 e
1125 3674 1181 3727 locis

148 3744 238 3794 fertur
256 3744 394 3804 coaluisse,
411 3760 426 3793 e
444 3744 536 3805 Creta,
553 3743 668 3808 illirico,
684 3744 769 3794 ltalia.
805 3744 970 3795 Idomeneus
987 3762 1004 3795 e
1025 3746 1126 3810 Creta,
1142 3759 1179 3813 op

150 3812 214 3878 pido
238 3812 333 3880 Lyctio
357 3811 465 3878 pulsus,
494 3828 544 3878 per
569 3810 747 3876 seditionem,
777 3812 851 3865 bello
876 3814 1095 3879 Magnensium,
1125 3826 1179 3865 cum

151 3882 248 3946 grutarii
275 3897 360 3933 marm
386 3882 421 3931 ad
443 3896 542 3948 regem
567 3880 703 3931 Clinicum
730 3882 816 3945 venit,
844 3882 879 3933 ad
904 3882 1063 3949 lllyricurn;
1096 3882 1131 3933 ab
1152 3894 1178 3932 eo

149 3950 218 4001 item
236 3958 349 4020 accepta
366 3965 535 4001 maniacum
553 3948 736 3999 Locrensibus
759 3950 899 4018 plerisque
922 3951 1050 4018 profugis
1066 3952 1097 4002 in
1116 3947 1179 4002 mari

150 4019 327 4083 coniunctus,
343 4016 522 4087 amicitiaque
539 4033 590 4085 per
607 4017 728 4069 similem
745 4036 856 4071 cainam
872 4018 997 4080 sociatis,
1015 4019 1123 4071 Locros
1140 4038 1179 4089 ap

151 4087 239 4153 pulit,
260 4094 374 4139 recusata
390 4103 425 4141 eo
441 4095 521 4141 metu
539 4085 624 4149 urbe,
648 4085 741 4155 ibique
759 4086 879 4156 possedit
894 4089 1000 4157 aliquot
1018 4090 1138 4158 oppida,
1157 4092 1180 4140 et
