2430 4620
122 112 167 179 96
375 106 517 173 sautu
538 108 896 176 COMMENTARIUS

122 297 265 349 Donatum
281 294 403 365 dactylus
419 312 478 349 esse
494 295 591 359 debet,
608 304 636 348 et
652 297 805 351 terminare
821 307 934 367 partem
951 299 1100 358 orationis:

123 367 230 434 Tityre.
264 364 355 434 Quam
379 365 471 431 legem
488 365 653 417 Theocritio
668 367 848 420 vehementer
865 370 1008 437 observat,
1031 372 1195 455 Varqill*

123 454 180 489 non
197 435 275 486 adeo.
308 434 358 485 llle
374 436 450 485 enirn
474 435 504 484 in
528 436 621 503 pausis
638 436 759 486 versibus
782 436 818 488 eb
841 436 894 491 ista
910 440 1021 492 ratione
1037 441 1214 504 desim&

122 508 174 557 Hic
191 520 255 557 eam
277 503 306 553 in
333 505 424 569 paucis
441 510 548 567 secutus
573 512 621 554 est.
658 505 841 557 Terentianus
858 524 924 558 cum
942 509 979 560 de
995 508 1052 561 boc
1069 527 1189 570 ma

121 576 240 627 diceret:
266 572 410 622 Plurimus
435 570 486 621 hoc
508 573 593 637 pollet
610 573 723 623 Siculae
746 576 859 625 telluris
883 578 1036 644 alumnus,
1058 578 1142 632 Not
1181 617 1204 636 .

124 660 208 694 rurus
232 660 263 692 eo
287 653 384 703 pastor
408 640 508 700 Μανος
539 641 657 693 intentio
680 648 779 711 poitae
800 643 870 695 haec
895 654 951 710 est,
979 655 1012 697 ut
1034 647 1088 700 imi
1107 677 1128 694 *2

120 711 302 764 Theocritum
325 707 542 777 Syracusanum,
571 711 718 762 meliorem
740 712 872 776 Moscho,
903 723 932 766 et
961 717 1081 783 ceteris,

120 780 249 831 Bucolica
270 777 446 847 scripserunt,
487 778 566 830 Unde
590 787 643 829 est:
676 779 770 829 Prima
795 780 948 847 Syracosio
973 785 1097 852 dignate
1184 825 1201 839 e

120 851 217 902 ludere
233 865 315 899 versu
334 845 450 899 Nostro.
483 847 520 898 Et
535 847 672 914 aliquibus
690 848 756 899 loeis
773 866 825 917 per
840 850 1005 921 allegoriam
1020 854 1082 923 egit
1095 868 1136 923 ξ

118 922 171 971 tias
187 920 323 986 Augusto,
345 917 388 969 vel
404 917 463 967 aliis
480 915 632 979 nobilibus,
655 932 773 984 quonun
796 918 891 971 farore
906 920 1043 973 amisstun
1059 938 1210 1001 ²813

118 987 240 1055 recepit3
262 986 292 1036 in
309 1000 364 1053 qus
388 1003 420 1037 re
442 992 550 1036 tantum
568 985 727 1037 dissentire
744 986 903 1039 Theocrito.
935 988 987 1042 lile
1002 991 1083 1045 enim
1097 1007 1112 1037 r

119 1074 174 1125 que
190 1054 306 1122 simplex
322 1061 377 1106 est:
399 1054 446 1105 hic
462 1053 624 1105 necessitate
641 1055 798 1124 compulsus
813 1056 951 1125 aliquibus
974 1059 1045 1111 locis
1070 1075 1102 1104 ιι·

118 1125 235 1191 figuras,
277 1138 325 1173 rias
342 1123 430 1191 perite
447 1122 610 1189 plerumque
627 1123 712 1175 etiem
729 1139 760 1175 en
778 1124 920 1177 Theocriti
936 1127 1064 1182 versibus
1077 1130 1174 1190 {a}

119 1209 188 1264 quos
205 1192 241 1244 ab
258 1141 305 1243 illo
323 1191 411 1243 dictos
427 1197 535 1241 constat
551 1209 612 1244 esse
628 1192 798 1259 simpliciter.
832 1195 892 1244 Hoc
908 1203 1005 1248 autem
1021 1196 1057 1249 fis
1070 1216 1194 1277 peq·

118 1282 150 1316 ca
168 1260 335 1312 urbanitate.
369 1258 412 1311 Sic
429 1259 622 1325 luvenalis,1)
639 1262 749 1312 Actoris
766 1262 897 1313 Aurunci
914 1265 1052 1330 spolium.
1082 1266 1127 1321 Ι

118 1329 228 1396 Virgilii
244 1343 354 1381 veroum
378 1329 413 1380 de
436 1329 515 1379 hasta
532 1328 637 1380 dictum
660 1330 778 1398 figurete
801 1330 837 1381 ed
858 1333 980 1398 spolium
1003 1343 1168 1392 transtu

118 1401 154 1452 Et
170 1412 252 1450 censa
275 1397 487 1449 scribendorum
511 1396 701 1449 bucolicorum
717 1398 787 1450 baec
808 1408 864 1452 est:
888 1402 978 1469 Cum,
1000 1410 1068 1473 post
1081 1420 1111 1455 ο

117 1484 180 1520 sum
193 1466 219 1527 ²)
242 1466 287 1518 111.
303 1467 402 1517 Iduum
419 1464 586 1517 Martiarum
604 1466 649 1522 die
667 1466 696 1519 in
713 1475 811 1519 senatu
827 1469 993 1539 Caesarem,
1015 1475 1204 1548 sarug

116 1538 174 1590 eius
190 1535 261 1587 iilius
277 1543 374 1586 contra
391 1550 566 1602 percussores
582 1537 666 1604 patris
684 1545 712 1588 et
728 1538 878 1588 Antonium
894 1539 986 1592 civilia
1003 1541 1078 1595 belle
1107 1565 1198 1600 ,Β

116 1607 210 1670 visset,
231 1605 346 1655 victoria
371 1603 488 1671 potitus,
511 1604 741 1656 Cremonensium
764 1621 861 1674 agros,
911 1608 939 1658 ui
963 1618 1065 1664 contu

116 1681 272 1728 senserant.
295 1673 428 1724 militibus
451 1671 505 1724 suis
529 1671 619 1724 dedit:
639 1675 688 1742 qui
711 1689 778 1724 cum
795 1691 880 1726 nons
921 1686 1045 1745 reorent,
1065 1696 1159 1733 Β

114 1744 331 1795 Mantuanorum
355 1742 433 1792 iussit
447 1739 587 1804 distribui,
609 1757 666 1792 non
689 1751 805 1812 propter
819 1743 947 1814 culpam,
970 1748 1021 1799 sed
1037 1762 1107 1816 pr·
1118 1768 1204 1802 Ἰ

114 1813 291 1864 vicinitatem.
332 1811 409 1861 Unde
436 1817 490 1862 ert:
518 1808 641 1860 Mantua
674 1829 724 1861 vae
752 1814 871 1863 miserae
903 1816 1028 1865 nimium
1052 1832 1100 1869 u:

115 1881 274 1932 Cremonae.
308 1878 419 1931 Perdito
436 1892 503 1944 ergo
528 1893 596 1946 agro
614 1880 741 1947 Virgilius
759 1880 879 1933 Romam
896 1883 986 1950 venit,
1009 1892 1040 1938 et
1063 1913 1067 1929 ι
1139 1913 1184 1930 ι-
1207 1912 1215 1946 ς

112 1951 185 2007 tium
202 1951 296 2001 favore
312 1947 428 2011 meruit,
453 1955 484 1996 ut
500 1962 601 2015 agrum
624 1964 704 1999 suum
728 1950 801 2000 solus
815 1952 964 2017 reciperet.
999 1953 1044 2005 Ad
1065 1970 1165 2003 -ιι

112 2018 305 2089 accipicndum
328 2017 482 2084 proiectus,
505 2018 540 2068 eb
563 2017 645 2067 Arrio
669 2018 843 2081 centurione,
866 2019 915 2086 qui
938 2036 1007 2073 eum
1049 2049 1134 2065 mr

111 2104 200 2159 paene
225 2094 266 2138 est
287 2086 464 2147 interemtus,
487 2085 541 2139 nisi
563 2101 592 2137 se
615 2087 823 2156 praecipitasset
839 2088 869 2138 in
885 2087 1037 2143 Μίιιοίιιη.
1079 2088 1165 2137 “-

112 2165 153 2208 est
167 2155 315 2223 allegorice
330 2171 336 2205 :
353 2153 415 2220 lpse
439 2155 514 2203 aries
538 2155 621 2204 etiam
648 2172 724 2206 nunc
742 2157 844 2207 uellera
863 2158 959 2208 siccat.
995 2159 1130 2213 Poste
1185 2175 1215 2182 ³

110 2227 245 2290 Augusto,
270 2223 359 2274 missis
375 2220 539 2287 triumviris,
564 2230 593 2274 et
613 2223 666 2292 ipsi
688 2226 798 2291 integer
814 2241 882 2294 ager
899 2233 940 2277 est
956 2227 1211 2281 rodoma-⁶

110 2292 269 2344 Mantuanis
292 2306 342 2362 pro
366 2298 455 2362 parte.
495 2290 567 2342 Hinc
591 2301 645 2358 est,
667 2293 754 2362 quod,
783 2309 849 2344 cum
872 2293 902 2345 in
926 2283 1213 2361 primsucirJ

109 2362 241 2429 legimus,
265 2378 330 2414 eum
346 2359 483 2427 recepisse
499 2375 614 2428 agrurn,
636 2369 731 2432 postea
747 2378 813 2414 eum
830 2363 1024 2431 querelantem
1039 2364 1215 2419 rit-‘¹‘

108 2447 185 2483 mus:
207 2439 251 2483 ut:
268 2431 424 2492 Audieras,
447 2428 569 2496 etfama
581 2430 660 2497 suits
686 2431 734 2480 sed
758 2435 887 2482 carmina
906 2443 1019 2485 tantum
1035 2425 1209 2486 Μαίη

108 2498 220 2567 valcn't,
241 2499 367 2568 Lycida,
390 2498 444 2548 ula
468 2499 541 2548 inter
565 2498 689 2563 Martia,
713 2513 849 2565 quantum
875 2500 1023 2555 Chaonius
1044 2494 1184 2555 diff

108 2572 207 2636 aquila
232 2574 357 2620 veniente
382 2568 534 2619 columbas.
574 2567 633 2621 Nec
656 2584 788 2620 numerus
811 2570 857 2620 hic
882 2569 982 2622 dubius
1009 2579 1066 2639 est,
1083 2570 1156 2627 ff
1192 2565 1215 2639 J,

109 2639 176 2690 ordo
206 2639 360 2704 librorum,
390 2636 493 2704 quippe
514 2652 580 2687 cum
609 2653 680 2688 unus
704 2637 740 2688 sit
765 2637 849 2699 liber;
879 2638 914 2690 ds
937 2640 1042 2709 eologis

107 2708 248 2759 dubitant:
264 2725 334 2774 quae
351 2706 416 2758 licet
433 2706 530 2756 decem
545 2707 615 2769 siut,
631 2707 769 2758 incertum
785 2715 880 2759 tamen
898 2715 953 2772 est,
969 2725 1027 2777 quo
1044 2694 1180 2767 orm

105 2777 224 2843 scriptae
242 2777 304 2827 sint.
337 2774 465 2841 Plerique
482 2774 548 2825 duas
564 2782 654 2826 certas
670 2774 764 2826 volunt
779 2776 863 2844 ipsius
880 2778 1041 2829 testimonio
1042 2758 1211 2983 ᾗ

105 2861 195 2910 mam,
218 2853 262 2894 ut:
287 2845 450 2895 Extremum
468 2842 558 2892 hunc:
583 2843 664 2894 multi
681 2851 709 2895 et
723 2844 860 2913 primam,
885 2845 962 2896 utin
980 2846 1042 2899 Geo
1075 2846 1107 2865 ‘⁷
1200 2902 1211 2923 r

106 2913 203 2980 Tityre
216 2925 241 2962 te
250 2915 345 2980 patule
354 2914 444 2963 cecini
453 2912 504 2961 sub
520 2912 724 2980 segminefogr'.
741 2914 793 2964 Alii
807 2915 927 2984 primam
941 2914 1020 2966 illam
1032 2931 1064 2967 to
1140 2966 1143 2971 ,
1160 2962 1167 2971 ,

104 2981 200 3031 Prima
219 2982 369 3049 Syracosio
389 2983 507 3047 dignata
525 2993 566 3031 est
583 2982 678 3031 ludere
696 2999 786 3032 versu.
824 2981 894 3035 Sane
911 2984 1066 3050 sciendum,

103 3050 210 3118 eclogas
233 3067 292 3102 esse
314 3066 406 3102 meras
428 3049 558 3101 rusticas:
602 3066 648 3101 ires
672 3050 836 3102 Theocritus
858 3053 890 3102 X.
915 3051 1017 3114 babet3
1039 3053 1086 3108 bie
1102 3040 1203 3123 ‘nt-²

101 3120 190 3183 tribus
213 3120 371 3171 abucolico
390 3117 529 3182 carmine,
552 3066 600 3169 sei
622 3134 688 3168 cum
704 3121 876 3171 excusatione
893 3119 1030 3195 discessit,
1053 3131 1084 3177 ut
1152 3122 1193 3167 Γ.

100 3188 274 3256 genethliaco
299 3188 435 3251 Salonini,
461 3194 489 3238 et
511 3187 541 3237 in
565 3186 648 3239 Sileni
671 3187 824 3257 theologia:
853 3191 893 3242 rel
916 3196 948 3238 ut
971 3207 1005 3242 ex
1045 3218 1051 3238 ·
1078 3220 1089 3238 s
1181 3208 1203 3241 r

100 3256 244 3308 altioribus
267 3259 350 3309 rebus
372 3263 463 3327 posset
485 3255 607 3324 placere:
636 3255 680 3307 vel
700 3255 765 3324 quia
787 3265 829 3307 tot
850 3258 997 3310 varietates
1018 3259 1060 3312 im
1144 3256 1151 3299 '-
1179 3270 1200 3329 'r

98 3341 157 3376 non
180 3335 297 3392 poterat.
331 3327 430 3378 Poetae
446 3324 530 3379 vitam
549 3325 579 3375 in
596 3324 715 3376 Aeneide
733 3325 856 3378 diximus.
891 3326 991 3392 Operis
1010 3345 1062 3398 erp
1158 3312 1187 3369 ’ν

97 3393 155 3459 tio,
179 3396 209 3445 in
234 3396 408 3462 sequentibus
432 3392 668 3458 comprobabitur.
715 3392 786 3446 Sane
817 3395 961 3447 sciendum
987 3398 1160 3466 Virgilio&

97 3462 148 3511 XX
163 3469 191 3515 et
202 3464 269 3515 VHI.
284 3479 421 3516 annorum
437 3461 576 3528 scripsisse
586 3462 725 3514 Bucolica.
759 3462 837 3516 Unde
854 3464 940 3536 etiam
955 3465 1063 3536 ipsein
1078 3460 1184 3537 Μὰ

1123 3568 1147 3595 -ΙΙ

141 3607 163 3656 1)
178 3611 226 3648 Vos.
241 3609 348 3649 Auctoris.
362 3607 388 3644 L.
403 3606 475 3655 Cslpb.
489 3607 577 3644 Arunsi.
592 3607 616 3642 V.
630 3607 699 3645 iuven.
713 3609 738 3653 θ,
754 3607 803 3648 100.
1189 3606 1201 3617 '¹

140 3689 162 3738 2)
177 3690 291 3728 Dolendum
305 3689 359 3726 nnnc
371 3697 488 3727 numerum,
504 3691 572 3721 natum
587 3697 613 3720 ex
626 3685 685 3725 liure
699 3688 770 3725 nisime
784 3703 804 3728 m
818 3689 873 3727 vocis
887 3676 1028 3738 priscedentis
1040 3695 1140 3746 ιω
1150 3670 1178 3729 ,ιτ

184 3752 217 3785 tur
236 3753 290 3783 recte
304 3744 381 3782 Duker.
410 3744 464 3781 Nam
486 3747 506 3776 et
526 3741 552 3778 nd
568 3741 639 3789 Georg.
654 3744 680 3787 1,
694 3740 744 3783 466.
765 3745 829 3794 pridie
848 3747 893 3784 idus
908 3746 1006 3792 Martias,
1025 3748 1073 3790 ie.
1087 3762 1161 3803 m,

182 3802 249 3840 caedis
265 3802 329 3845 diem,
349 3802 411 3838 solum
427 3796 523 3835 dcis-cisso
539 3804 619 3843 narret,
639 3800 693 3848 quod
708 3807 774 3839 tamen
788 3815 828 3838 non
843 3804 904 3840 rcisrt
918 3806 1001 3842 Sueten
1015 3804 1070 3844 mter
1083 3806 1135 3861 pm.¹

181 3858 240 3908 digis·
268 3862 340 3898 Burni.
355 3857 427 3906 Cslph1
440 3855 499 3892 han:
518 3855 551 3891 ΠΙ.
579 3855 628 3892 Idus
643 3860 727 3895 martias
747 3860 768 3896 in
783 3873 800 3895 s.
830 3860 926 3905 Guoll'.,1.
951 3863 1062 3913 015ng
1072 3856 1134 3911 wi:
1165 3850 1214 3879 ’,κ

180 3931 225 3955 snm
239 3917 316 3956 Iulium
330 3917 393 3954 tercio
407 3911 513 3952 Kalendas
527 3912 619 3949 Martius
634 3913 700 3951 disin
715 3923 793 3954 renutu.
825 3917 887 3956 cesar
900 3910 1013 3975 Ars-gum
1027 3919 1072 3960 ,pus
1081 3920 1103 3972 s
1122 3908 1134 3937 .s
1176 3940 1202 3967 'u‘
