2430 4620
773 104 968 165 n·-

256 293 291 334 n
314 273 471 335 vincit.
494 272 655 365 cuono,
678 273 711 345 1,
734 279 926 365 nmis.
1048 236 1132 378 497¹„

68 457 215 509 desinunt:
239 458 313 525 quod
329 458 359 510 in
377 457 494 527 obliquis
511 458 631 523 habent,
655 465 683 509 et
700 455 832 520 Actinos,
856 454 1021 521 Eleusinos,
1039 456 1106 509 Del-

66 526 182 590 phinus.
224 527 332 594 inflexi
354 530 476 594 primum
507 536 603 594 grove*
618 529 704 578 robur
736 527 841 578 aratri:
871 523 1109 592 [periphrasticeil

67 604 214 659 aratrum,
231 595 309 660 nam]
326 590 429 664 'inflexi
446 611 497 665 pro
508 597 584 664 flexi
601 598 692 664 posuit
700 598 711 652 ς’
730 611 795 644 nam
813 594 848 640 ln
866 595 1002 645 abundat:
1019 612 1106 662 grave

68 672 164 721 autem
184 665 272 733 rolyur
297 667 414 732 propter'
427 665 514 716 sulcos
531 666 610 717 altius
634 662 849 734 imprimendos,
862 669 899 713 et
916 680 1000 727 grene
1020 666 1106 714 sotus

68 740 125 798 est,
157 731 204 782 cui
228 749 324 783 vomer
350 734 583 785 accommodatur.
606 759 640 768 —
694 737 754 788 163.
781 730 929 797 Tardaque
953 731 1107 783 Eleusinae
1149 757 1151 761 >

68 803 170 851 metris
189 798 332 853 volventio
350 803 497 868 plaustre,·
523 802 634 854 Eleusin
654 801 746 850 civitas
764 807 805 848 est
821 799 925 861 Atticae
941 800 1106 868 provinciae,

65 869 141 921 baud
166 869 251 938 longe
276 872 311 921 ab
329 871 456 930 Athenis3
479 871 581 938 iet-qua
597 886 665 918 cum
689 875 825 937 regnaret·
840 867 952 930 Celeus,
977 875 1004 918 et
1022 869 1104 920 Cere·
1167 894 1169 898 ·

65 955 143 1004 rem,
168 948 354 1006 quaerentem
376 940 478 1003 filiam,
499 936 692 991 liberalissime
714 937 876 1003 suscepisset
899 936 1033 1002 hospitio,
1056 938 1104 991 ille

64 1023 114 1077 pro
139 1009 370 1060 remuneratione
394 1008 511 1059 ostendit
534 1008 559 1058 ei
584 1023 668 1058 omne
692 1021 779 1073 genus
796 1005 1104 1071 agriculturaettiilium

65 1077 152 1127 etiam
175 1076 235 1128 eius
259 1077 462 1146 Triptolemum
485 1092 582 1127 recens
605 1083 703 1126 natum
726 1091 776 1142 per
799 1072 916 1124 noctem*
939 1075 1004 1140 igne
1027 1075 1105 1140 fovit,

66 1161 117 1210 per
134 1144 213 1197 diem
230 1145 329 1196 diviuo‘
344 1146 415 1197 lacte
439 1145 568 1195 nutrivit:
590 1152 619 1195 et
642 1158 706 1194 eum
724 1141 801 1192 aletis
818 1140 990 1211 serpentibus
1007 1158 1105 1210 super-

65 1213 203 1280 positum,
225 1229 277 1283 per
294 1222 382 1264 totuin
402 1214 499 1265 orbem
518 1212 593 1262 misit
609 1213 644 1263 ad
662 1224 743 1261 usum
760 1213 964 1260 frumentorum
983 1211 1104 1263 homini·

67 1281 117 1332 bus
141 1280 331 1333 indicendum.
366 1283 452 1351 (Ergo
476 1281 529 1332 boc
553 1281 634 1342 dicit)
658 1280 809 1349 [volventia
834 1277 939 1342 autem]
963 1280 1102 1345 plaustra,
1126 1338 1128 1343 ¹

64 1351 93 1417 [i.
111 1348 169 1415 e.,]
193 1350 339 1403 volubilia:
362 1351 507 1415 Eleusinae
531 1350 642 1413 metris,
665 1349 682 1398 i.
701 1367 739 1411 e.,
762 1347 854 1415 queliu
879 1347 998 1399 ostendit
1015 1349 1102 1400 (leret

63 1419 137 1485 apud
154 1419 294 1469 Eleusina.
329 1421 382 1468 Aut
404 1424 493 1481 certe,
517 1419 641 1487 qualibus
667 1425 757 1469 mater
782 1417 863 1468 deum
887 1415 994 1467 colitur.
1028 1418 1102 1468 Nam
1122 1461 1128 1477 ,
1192 1422 1196 1437 '

61 1487 119 1537 isa
147 1495 190 1538 est
221 1487 306 1538 etiem
330 1488 432 1551 Ceres,
464 1485 589 1556 [Romae
613 1501 722 1553 quoque
747 1501 826 1536 secra
849 1483 931 1535 huius
955 1485 989 1535 de
1012 1485 1103 1550 (deae)

59 1506 192 1622 plaustris
224 1555 285 1606 vehi
316 1563 525 1608 consueverant:
556 1552 690 1606 volventia
721 1563 815 1606 autem
847 1569 918 1670 prise
949 1552 1101 1618 volvnntur,

60 1623 135 1691 quod
159 1624 238 1677 venit
258 1642 273 1675 a
298 1624 395 1686 tolno,
417 1641 474 1674 non
496 1623 612 1689 volvor]
638 1649 671 1661 ¹·
715 1627 774 1680 164.
800 1623 851 1673 Tri
873 1624 989 1686 uteqm
1012 1638 1101 1690 genus

58 1692 182 1744 vehiculi
207 1693 294 1761 [omni
318 1701 397 1760 parte
422 1691 601 1757 dentatum,]
623 1708 677 1760 qno
701 1691 803 1757 (Guelf.
819 1693 839 1743 1.
856 1693 888 1741 u.
912 1697 940 1741 et
963 1691 997 1742 al.
1016 1691 1103 1753 unde)

58 1767 191 1812 teruntur
215 1761 377 1825 (frumenta)
402 1761 449 1828 [in
473 1778 537 1812 area
560 1764 655 1828 fruges
677 1770 811 1812 maturae.
846 1761 907 1827 Quo
925 1759 1044 1827 maxime
1067 1761 1099 1812 iu

58 1829 153 1880 Africa
171 1830 321 1880 utebantur
328 1828 346 1894 :]
365 1828 563 1897 Trabeasque?
577 1831 629 1898 [vel
645 1829 738 1880 tabula
754 1837 810 1878 cst:
824 1836 854 1877 ut
867 1827 980 1895 quidam
994 1828 1100 1894 dicunt,

58 1913 130 1963 qiine
148 1898 324 1950 trahentibus
341 1898 430 1949 bubus
447 1899 516 1949 solet
538 1916 621 1949 erese
643 1897 735 1948 induci
753 1897 788 1947 ed
810 1896 944 1966 pabulum
967 1896 1098 1963 colligen-

58 1965 141 2031 dum,
160 1966 205 2017 vel
221 1965 343 2018 vehicula
360 1952 419 2018 line
435 1968 516 2028 rotis,
540 1984 606 2035 quas
623 1965 703 2032 vulgo
721 1965 819 2016 trebes
837 1965 948 2028 dicunt,
971 1971 999 2014 et
1016 1981 1099 2016 eausa

57 2034 144 2087 metri
166 2035 199 2085 in
223 2034 277 2085 hoc
299 2035 414 2087 nomine
438 2036 596 2104 epenthesin
618 2036 699 2099 iecit,
730 2042 760 2083 ut
783 2036 896 2096 navita,
920 2042 947 2082 et
970 2032 1099 2098 Mavors,
1135 2076 1138 2081 .

57 2120 107 2172 pro
128 2115 238 2167 naute,
261 2111 289 2155 et
305 2102 395 2154 Mars.
440 2105 540 2169 lniquo
559 2105 680 2171 pondere
699 2107 801 2167 rastri,
824 2104 895 2169 [pro
913 2103 1010 2167 iniqui
1026 2118 1096 2165 pon-

59 2173 152 2237 deris,
168 2171 188 2223 i.
208 2170 243 2236 e.]
266 2168 376 2239 magni:
401 2171 504 2224 scilicet
528 2183 559 2223 ut
576 2174 634 2223 sine
658 2173 754 2231 labore
770 2172 865 2221 rustici
882 2170 975 2236 glebas
993 2171 1099 2236 possint

57 2239 224 2307 iufringere¹
249 2268 281 2276 -
328 2247 385 2298 165.
415 2240 515 2307 Virgen
540 2255 681 2306 praetereo
709 2241 782 2291 Celei
808 2240 929 2305 vilisque
954 2240 1099 2304 sepeliere·

58 2309 118 2361 ie.
137 2325 202 2360 vasu
220 2309 254 2360 de
279 2307 379 2361 vimine
399 2309 507 2376 [factat
535 2311 625 2378 qualia
644 2310 727 2363 Ceres
745 2309 831 2362 Ceieo
854 2308 1004 2374 aliquando·
1018 2324 1098 2359 mou·

57 2378 167 2429 stravit:
204 2386 234 2447 ut
257 2379 374 2444 qualos,
397 2379 505 2440 corbes,
530 2388 558 2430 et
581 2388 683 2430 cetera.
727 2378 824 2445 [Vilis
851 2385 943 2428 autem
970 2378 1098 2442 supellex

58 2445 198 2514 quonium
221 2445 255 2496 de
280 2445 407 2512 genistis,
432 2446 473 2498 vel
495 2449 593 2512 iunco,
615 2447 657 2498 vel
681 2447 744 2498 alba
767 2449 821 2498 vite
838 2446 926 2497 solent
941 2445 1025 2510 fieri]
1058 2445 1097 2496 Et

57 2531 123 2566 sane
148 2514 218 2563 haec
244 2516 337 2564 corbis
360 2513 506 2566 dicendum
530 2524 569 2566 est
597 2517 751 2584 [feminino
775 2513 912 2584 genere]‚
942 2513 1095 2564 secuudum

57 2583 201 2647 Tullium,
218 2584 265 2650 qui
283 2583 334 2645 ait,
352 2581 391 2646 [in
410 2582 544 2647 Sestiana]
561 2582 640 2650 witi:
659 2583 800 2635 Messoria
819 2602 847 2633 se
866 2584 945 2633 corle
965 2584 1095 2632 con—seen.

57 2652 190 2720 supellex
208 2660 302 2702 autem
320 2660 479 2719 usurpatum
498 2660 545 2703 est.
579 2655 651 2703 Nam
668 2654 733 2702 artis
752 2661 799 2716 est,
816 2651 882 2701 baec
901 2651 1097 2717 supellectilis.

57 2718 205 2772 Genitiv'us
229 2722 304 2771 enim
329 2727 376 2770 aut
392 2736 444 2786 par
462 2718 547 2772 debet
566 2739 624 2773 esse
648 2720 830 2784 nominativo,
854 2727 900 2767 eut
919 2718 1094 2785 nna-syllaba

57 2790 162 2852 maior,
189 2798 220 2838 ut
244 2807 341 2854 musa,
366 2805 477 2837 musae.-
500 2792 595 2840 doctor
621 2791 750 2840 doctoris.
785 2787 811 2838 Si
829 2787 933 2838 duabus
956 2789 1095 2839 maiorem
1158 2835 1162 2849 Ι

56 2857 261 2921 invenerimus,
285 2866 381 2908 contra
405 2866 492 2907 artem
516 2858 544 2908 id
569 2876 624 2909 esse
650 2859 825 2908 munilestum
850 2863 904 2906 est:
929 2863 960 2905 ut
983 2872 1097 2923 anceps,

57 2943 192 2992 praeceps
219 2935 247 2975 et
270 2943 357 2992 pauca
382 2927 442 2977 aliu.
468 2953 501 2963 -
543 2934 603 2983 106.
626 2929 781 2996 [Arianae
807 2938 916 2986 crates,
937 2941 968 2975 ex
992 2925 1095 2977 arbuto

55 2993 169 3057 luctae]
205 2994 240 3043 Et
258 2999 376 3062 mystica
395 3012 504 3045 vannus
524 2995 635 3058 Iacchi,-
660 2995 858 3047 tenturum
878 2993 976 3043 areale.
1011 2992 1092 3058 Legi-

56 3080 118 3114 mns
138 3071 235 3113 tamen
253 3071 280 3113 et
296 3065 556 3129 velliis‚secundum
571 3067 737 3116 Varronem:
756 3063 838 3130 [banc
851 3061 983 3128 fi'stienla
1003 3059 1093 3128 Pollio

57 3145 149 3199 myssa
170 3129 289 3194 vallus];
307 3133 379 3198 quod
395 3131 471 3182 idem
488 3133 665 3182 nibilominus
679 3133 822 3200 significat
855 3131 978 3197 Mysticn
997 3139 1092 3180 autem

41 3199 155 3251 'Iacchi
180 3199 243 3250 ideo
268 3201 321 3262 eit,
345 3200 418 3268 qnod
435 3200 531 3250 Liberi
556 3202 641 3268 patris
665 3217 742 3251 sacra
768 3202 802 3251 ad
819 3201 1013 3267 purgationem
1032 3200 1093 3248 uni-

54 3287 119 3322 mae
146 3268 336 3338 pertinebant:
367 3277 394 3319 et
418 3269 456 3318 sic
487 3264 615 3319 homines
639 3271 696 3320 eius
722 3270 859 3336 mysteriis
889 3268 1090 3334 purgabantur,

54 3340 126 3389 sicut
143 3337 239 3388 vannis
256 3339 395 3387 frumenta
413 3346 575 3404 purgantur.
616 3339 687 3387 Hinc
711 3346 750 3389 est
768 3338 840 3404 quod
857 3337 957 3387 dicitur
976 3335 1092 3386 Osiridis

55 3405 188 3458 membra
202 3423 218 3456 a
229 3406 362 3473 Typhone
376 3405 505 3456 dilaniata
519 3407 566 3455 isis
579 3406 671 3456 cribro
685 3405 895 3474 superposuisse.
924 3406 997 3458 Nam
1014 3405 1091 3455 idem

55 3485 95 3528 est
111 3472 201 3526 Liber
217 3482 312 3543 pater,
334 3473 365 3524 in
380 3474 457 3524 cuius
480 3476 617 3542 mysteriis
634 3490 735 3526 vannus
753 3483 807 3526 est:
830 3475 894 3542 quia
919 3480 950 3522 ut
972 3473 1091 3525 diximus

82 3667 134 3715 163)
164 3669 243 3705 Muris
257 3666 326 3705 Eleus.
356 3667 381 3703 0.
401 3673 485 3702 mettim
506 3672 572 3702 antem
586 3665 702 3705 Eleusinem
722 3678 819 3716 quaerere
837 3665 899 3711 dicit,
917 3679 964 3704 uam
982 3673 1006 3704 nt
1022 3673 1090 3716 petrae

140 3727 191 3762 drus
205 3723 299 3760 dicebaut
313 3731 401 3766 veteres,
416 3723 444 3759 itu
460 3724 513 3761 Ile-as
529 3730 600 3760 mistice
615 3724 722 3760 vocabant.

82 3804 134 3852 164)
165 3804 233 3841 Guels.
248 3805 262 3839 Ι.
277 3805 300 3839 ll.
316 3810 335 3839 et
350 3805 451 3852 alequid
465 3807 545 3846 linem:
567 3804 710 3854 'l'inibcncqncv
731 3804 856 3853 Epcntbesin
876 3803 922 3839 iecit
942 3816 1001 3840 caina
1023 3799 1089 3845 metii,

142 3869 164 3899 ut
184 3860 258 3897 navita.
287 3861 354 3897 'Prilia
375 3867 442 3903 eutem
462 3862 575 3899 vehiculum
595 3868 626 3898 est
645 3876 657 3897 a
677 3863 774 3897 trube-udo
794 3861 881 3906 dictum
902 3872 948 3897 nem
968 3872 1008 3896 uun
1027 3858 1089 3896 babet

141 3926 203 3955 rotas.

84 3998 214 4092 &nispe
227 4010 279 4092 ιἴῳ.
304 3997 448 4047 unp-sivan
466 4004 507 4044 est,
532 3997 578 4036 hrt.
604 3999 665 4036 etiam
685 3997 751 4036 Gueu
770 3998 795 4036 11.
821 4004 842 4036 et
860 3998 885 4036 B.
904 3997 931 4035 L.
947 3996 975 4034 R.
994 3997 1019 4034 V.
1040 3994 1088 4032 vos.

154 4062 211 4104 tepi.
