2430 4620
130 279 177 344 ao
234 356 239 365 ,
396 272 537 339 taam
560 272 917 342 connenraains

131 459 181 513 Vel
196 467 273 514 corta
291 460 430 531 indigetes
446 465 522 532 [runt
538 462 576 515 dii
593 480 625 516 ex
642 461 802 516 hominibus
817 462 898 516 lacti:
921 470 951 516 et
966 461 1006 515 dii
1021 460 1171 530 indigetes]

131 529 212 596 quari
236 531 266 582 in
290 531 342 582 diis
368 540 489 601 agentes.
524 531 605 601 [Sana
631 533 667 585 da
690 534 782 585 Aenea
806 532 901 585 fabula
923 532 986 584 talia
1008 538 1064 585 eet:
1087 530 1169 597 Cum,

130 597 227 651 Turno
252 600 341 650 occiso
364 609 393 653 et
418 609 532 671 accepta
548 601 678 667 Lavinia,
700 601 811 653 condita
837 601 945 653 civitate
968 601 1000 651 in
1016 600 1169 652 Numicum

45 730 48 735 Ι
130 665 262 733 fluvium,
285 676 316 719 ut
339 669 387 720 alii
410 670 518 733 volunt,
542 670 714 736 sacrificam,
739 678 770 720 ut
791 669 840 721 alii
856 669 1043 732 Mezentium,
1066 676 1098 719 ut
1121 669 1169 720 alii

47 786 53 801 ,
128 735 290 805 Messapum
312 738 422 805 lugiens
446 737 601 804 cecidisset,
623 757 675 791 nec
701 737 760 791 eim
784 745 854 790 estet
877 738 993 790 cadaver
1016 738 1168 802 inventum,

128 807 260 857 Aacanim
282 804 353 857 lilius
376 807 434 857 eiua
450 806 522 856 victo
539 808 678 861 Mezentio
701 823 766 858 cum
783 806 882 859 ceteris
898 806 1026 859 Troiania
1050 807 1169 858 creden·

130 882 159 926 et
181 875 308 928 iactitant
331 874 404 926 inter
428 875 543 928 numina
566 885 725 946 receptum,
749 876 804 927 rire
827 883 938 942 patrem
955 874 1049 927 volem
1072 890 1168 927 conae

129 961 210 997 crare
226 943 365 1013 templum
381 943 536 1006 constitnit,
559 946 633 1012 quod
651 946 696 995 dei
714 946 851 1012 indigetis
867 962 903 1015 ap
939 943 1000 997 lltri
1016 942 1116 1010 iuuit]
1133 969 1168 982 ·-

128 1019 191 1071 797.
208 1011 357 1065 Mortalin'
376 1012 468 1064 decuit
492 1015 598 1065 violari
622 1015 737 1065 vulnere
763 1012 884 1065 diatim?
917 1010 1031 1063 mortali
1053 1010 1169 1065 vulnere

128 1081 229 1148 dixin]
247 1097 304 1145 non
321 1081 413 1145 letali,
435 1081 483 1134 sed
501 1090 549 1133 aut
565 1098 622 1152 qno
638 1082 769 1134 mortales
785 1081 928 1153 laborant,
951 1087 999 1133 aut
1016 1097 1032 1131 a
1051 1079 1167 1132 mortali

126 1151 211 1204 illato.
251 1151 317 1218 [Aut
341 1151 456 1201 mortali
479 1152 609 1215 vulnere,
631 1152 650 1203 i.
675 1170 699 1203 e.
724 1159 845 1202 mortem
868 1148 995 1202 facienti:
1017 1163 1087 1218 ergo
1109 1163 1178 1203 non.

128 1219 208 1289 quari
222 1218 336 1271 Iuturna
354 1219 477 1270 mortalis
494 1219 548 1285 eit]
582 1219 690 1272 Divum
714 1228 823 1283 anum,
846 1216 1064 1287 subaudi[mu]e,
1081 1215 1168 1285 suta·

130 1306 201 1340 rum.
220 1313 253 1325 -
294 1293 357 1345 798.
377 1287 457 1354 Quid
475 1291 550 1339 enim
569 1291 631 1340 sine
649 1301 673 1340 te
691 1288 815 1339 Iuturna
832 1288 952 1351 valane,-
975 1285 1166 1356 parenthesis:

127 1364 241 1426 poterat
269 1359 347 1408 enim
378 1372 506 1409 cremara
537 1358 605 1409 luno
635 1375 679 1424 aa,
709 1357 780 1409 nihil
805 1357 903 1409 fecisse
932 1368 1168 1407 commemorant.

130 1426 207 1478 Unde
225 1441 291 1477 eum
307 1432 451 1478 auctorem
474 1426 556 1478 luisse
573 1427 695 1498 luppiter
713 1425 793 1490 dicit,
816 1431 930 1493 propter
947 1423 1030 1476 illud:
1058 1423 1165 1475 Auctor

49 1526 52 1533 ι
129 1511 179 1565 ego
194 1494 327 1545 audendi.
340 1517 375 1531 -
409 1499 471 1552 800.
488 1494 594 1547 Desine
614 1499 671 1547 iam
690 1497 817 1559 tandem,-
833 1493 941 1563 singula
957 1490 1171 1563 pronuntinnab·

127 1571 199 1614 etant.
233 1562 369 1630 [Dicendo
385 1566 624 1630 autemtandem,
641 1564 737 1616 odium
753 1562 956 1634 perseverantie
973 1558 1116 1626 otteudit]
1130 1584 1165 1598 -

128 1638 190 1690 801.
208 1631 266 1683 Nec
281 1643 307 1683 te
321 1643 419 1682 tantus
435 1633 498 1683 edat
513 1637 629 1685 tacitam
643 1634 737 1696 dolor,⁸
754 1631 859 1683 scilicet
871 1630 967 1683 detine
979 1628 1050 1680 odiit
1062 1628 1178 1697 urgere'

126 1700 273 1753 Troianos.
305 1699 377 1753 Sane
393 1701 461 1765 edo,
478 1703 555 1769 edis,
578 1704 650 1769 edit,
672 1703 813 1767 integrum
831 1700 949 1752 verbum
965 1706 1021 1760 ατς
1045 1704 1077 1748 at
1094 1699 1167 1765 iege,

127 1771 153 1823 le
174 1773 215 1836 is,
232 1771 307 1837 legit.
342 1769 498 1841 Namleda,
516 1790 559 1837 er,
577 1784 630 1836 est,
647 1787 706 1823 eata
722 1769 883 1822 anomalum
899 1774 1013 1820 conant
1033 1790 1067 1804 ·-
1102 1772 1166 1823 803.

126 1789 258 1910 [lienium
277 1838 314 1888 ad
332 1855 493 1906 supremum
511 1853 551 1891 est
556 1864 566 1905 ,·
585 1857 636 1908 per
652 1839 791 1891 infinitum
809 1837 925 1889 modum
943 1835 1020 1889 verbi
1037 1830 1169 1900 dinam}

125 1933 162 1947 —
201 1912 263 1966 804.
290 1906 433 1960 Troianas
456 1911 591 1975 potuisti3
615 1910 634 1961 i.
658 1927 697 1975 e.,
719 1910 778 1960 iam
801 1923 857 1961 nnn
879 1913 975 1975 potet:
995 1904 1063 1957 ideo
1084 1904 1167 1956 euim

146 1976 280 2031 taeterito
296 1992 360 2027 naua
378 1984 418 2030 ert
435 1979 588 2050 [tempore;
615 1976 732 2032 athene
748 1978 881 2044 potuisti,
898 1975 964 2044 qnia
979 1973 1042 2042 ipse
1057 1972 1175 2025 dixerat·

126 1997 172 2115 il,
188 2045 263 2116 40.);
287 2046 373 2112 Atque
399 2048 477 2114 ipsas
501 2050 593 2113 patuit
616 2047 792 2114 submergere
815 2057 915 2113 panta,
938 2050 967 2096 et
988 2045 1096 2094 iterum
1120 2042 1167 2108 (τ’,

125 2114 222 2177 304.):
252 2112 334 2164 Mars
364 2116 476 2182 perdere
506 2129 614 2185 gentem
642 2116 795 2167 Immunem
819 2112 973 2181 Lapithum
1002 2111 1107 2162 naluit.
1129 2133 1165 2149 -·

125 2191 188 2243 805.
213 2180 381 2251 Deformare
405 2185 536 2248 domum,-
549 2184 719 2237 'deformem
742 2184 875 2247 reddere,
897 2199 948 2252 per
970 2177 1108 2244 luctum]
1126 2203 1162 2217 -

125 2259 188 2311 807.
212 2251 369 2303 Summisso
395 2255 493 2319 vultu,
523 2254 653 2306 habitum
682 2256 793 2305 futurae
820 2251 952 2303 orationis
976 2248 1105 2300 ostendit.
1127 2271 1161 2285 -

124 2327 188 2378 808.
205 2318 283 2386 Quia
303 2334 369 2372 nota
389 2321 460 2372 mihi
484 2335 533 2372 tua
559 2341 663 2390 magna
688 2324 820 2374 voluntas
838 2321 976 2387 luppiter;
1003 2317 1075 2384 [hoc
1099 2316 1164 2369 idat>

123 2390 192 2441 luno
211 2387 287 2455 quia]
304 2389 428 2460 Iuppiter
446 2391 637 2444 necessitatem
661 2392 802 2444 obiecerat
817 2391 882 2454 lati,
906 2391 1011 2440 dicent:
1042 2385 1161 2436 Veretum

125 2460 163 2509 ad
180 2475 342 2523 supremum
361 2471 408 2510 est.
442 2458 495 2510 Sed
511 2462 579 2512 luno
602 2462 689 2513 sciens
712 2463 801 2513 latum
818 2475 876 2512 esse
893 2455 1023 2526 quicquid
1040 2455 1164 2525 luppiter

77 2588 80 2603 Ι
125 2528 243 2591 dixerit,
260 2527 372 2580 <licitae
391 2527 489 2580 cedere
508 2529 566 2581 eiua
583 2529 723 2581 voluntati.
757 2528 830 2580 Nam
847 2528 876 2579 id
894 2527 966 2594 agit,
983 2531 1013 2574 ut
1030 2523 1161 2578 conciliet

124 2597 177 2648 eibi
201 2595 258 2648 eius
279 2598 405 2649 favorem
422 2597 457 2649 ad
481 2598 644 2665 petitionem
667 2601 798 2650 futuram.
815 2624 850 2635 -
885 2600 945 2652 810.
963 2594 1061 2660 [A‘e'ria
1081 2593 1161 2655 sede,-

105 2665 228 2718 ‘nnbem
246 2665 326 2730 dixit,
348 2666 414 2734 quia
430 2681 514 2734 supra
531 2669 615 2731 (792.)
632 2667 751 2718 dixerat:
774 2665 866 2716 Fulva
890 2679 1004 2731 pugnas
1028 2663 1062 2712 de
1088 2662 1158 2711 nube
1186 2660 1188 2667 '

124 2748 252 2786 tuentem.
294 2735 367 2786 Nam
390 2742 419 2787 et
442 2734 495 2786 hoc
518 2743 694 2789 accusaverat
715 2735 848 2804 luppiter.
893 2733 969 2799 Ergo
992 2737 1161 2798 argumento

122 2803 267 2858 verisimili
280 2804 366 2856 utitur
379 2804 456 2872 quati
471 2805 552 2865 dicat,
569 2821 626 2856 non
639 2806 745 2857 faceres
759 2804 848 2854 solnm
861 2811 892 2853 ut
908 2802 1055 2870 spectatrix
1071 2813 1158 2851 utem
1182 2812 1188 2865 j

121 2875 169 2926 aed
192 2873 283 2944 ipsam
308 2889 370 2924 rem
393 2870 550 2939 gererem]
567 2899 599 2911 -
642 2879 704 2930 811.
728 2871 828 2941 Digna
854 2873 975 2936 indigna
999 2870 1077 2936 pati3
1100 2869 1157 2919 i.e.
1181 2876 1184 2881 “

73 2999 77 3002 ,
123 2943 229 2995 onmia:
248 2949 276 2993 et
293 2941 503 3011 proverbialiter
521 2942 625 2993 dictum
643 2950 692 2994 eat.
710 2967 743 2978 -
778 2948 839 2998 813.
856 2941 1036 3009 [Succurrere
1049 2937 1155 3007 fratre}
1184 3002 1186 3007 y

120 3012 193 3064 bene
204 3011 312 3082 fratri,
328 3026 365 3060 ne
381 3011 404 3061 si
421 3010 527 3064 diceret
545 3011 660 3077 Turno,
682 3019 791 3062 careret
807 2998 936 3071 adfectu]
953 3034 988 3044 -
1023 3012 1086 3064 814
1104 3003 1155 3056 ΡΝ
1181 3016 1188 3077 j

123 3079 196 3143 nita3
215 3097 247 3131 ao
265 3080 286 3129 si
303 3078 423 3130 diceret:
443 3095 494 3144 pro
512 3098 544 3133 re
561 3078 640 3132 nobis
658 3079 730 3142 data,
746 3078 765 3130 i.
779 3077 855 3149 e.[a]
872 3075 987 3146 ruperia.
1020 3076 1069 3145 [Et
1086 3072 1156 3127 bena
1185 3074 1188 3103 ³

89 3198 92 3205 ,
120 3150 248 3219 figuravit
265 3147 373 3199 :ludere
391 3148 529 3214 probavi]
545 3174 579 3187 —
613 3154 676 3208 815.
693 3146 759 3199 Non
785 3160 815 3199 ut
839 3149 894 3199 tela
912 3159 1021 3209 tamen,
1045 3161 1104 3195 nott
1128 3152 1158 3195 ut
1181 3143 1188 3167 ·’

122 3219 298 3270 contenderet
321 3233 435 3280 arcum,
465 3218 518 3268 hoc
548 3219 609 3268 loco
641 3217 718 3286 quasi
741 3217 885 3267 Iuturnam
910 3214 1040 3281 sagittam
1062 3211 1154 3264 iecisse
1187 3216 1188 3245 ³

120 3288 263 3357 significat.
298 3284 351 3337 Sed
368 3295 398 3334 ut
415 3301 498 3352 supra
515 3286 645 3351 diximus,
668 3300 812 3354 possumne
829 3286 971 3356 accipere,
994 3280 1070 3348 quod
1088 3281 1157 3339 alter,
1182 3292 1188 3309 ⁸

120 3357 150 3414 in
175 3358 232 3408 eiua
257 3353 379 3422 gratiam
401 3352 432 3405 in
448 3358 570 3417 Aeneam
594 3355 649 3407 tela
673 3353 819 3404 contorsit:
847 3354 915 3426 [ipsi
942 3349 1153 3401 adscribendum
1183 3369 1187 3375 ·

120 3441 205 3499 ergo,
221 3423 403 3479 contenderet
421 3426 527 3475 arcani.
561 3424 614 3478 Alii
632 3424 793 3486 ostenderet,
808 3423 868 3475 ie.
885 3421 1027 3475 adiuvaret
1042 3419 1154 3471 tenden-
1182 3416 1188 3450 ¹

7 3502 11 3511 '
118 3503 177 3547 tem
193 3493 223 3544 in
238 3494 359 3546 Aeneam
375 3492 476 3543 telum:
494 3507 552 3543 non
566 3493 642 3544 enirn
655 3500 746 3542 certus
759 3496 856 3542 auctor
869 3489 987 3540 vulneris
998 3486 1153 3552 fueratd*
1187 3496 1188 3503 ’

120 3569 182 3622 818.
199 3562 307 3617 Adiuro
330 3559 425 3629 Stygii
450 3575 533 3627 caput
559 3561 737 3627 implacabile
755 3560 868 3629 santis,
890 3573 943 3679 pro
970 3559 1046 3608 iuro.
1085 3556 1153 3606 Nam
1181 3554 1187 3583 ¹

119 3631 256 3687 Protheais
274 3637 323 3680 est.
358 3629 590 3701 Quidamtamen
606 3632 707 3695 volunt,
726 3631 790 3681 iura
808 3637 873 3679 tune
909 3627 945 3676 ici
962 3625 1075 3690 debera,
1091 3639 1153 3676 cum
1187 3631 1188 3635 ’

119 3700 316 3754 confirmemus
332 3697 450 3765 aliquid,
470 3706 519 3750 aut
535 3698 731 3769 promittimus.
765 3698 815 3748 Ut:
842 3698 909 3749 lura
929 3713 972 3745 me
988 3692 1153 3763 sucturum:

120 3771 224 3823 adiuro
242 3782 322 3832 varo,
339 3783 404 3821 cum
421 3783 567 3835 negamus,
590 3775 635 3818 ut:
658 3769 770 3819 Adiuro
790 3783 833 3816 me
849 3783 907 3818 non
925 3780 1024 3830 posse,
1046 3764 1154 3814 Adiuro
1184 3776 1188 3796 ‘-

121 3856 163 3892 nte
190 3855 247 3893 non
265 3835 381 3909 fecisse,
423 3836 571 3887 Terentina
594 3837 676 3900 (Hec.
694 3845 726 3899 2,
742 3845 777 3899 2,
799 3836 875 3899 26.):
898 3835 1022 3883 Adiurat
1043 3849 1072 3881 se
1099 3823 1154 3883 noi
1183 3828 1188 3865 ἶ

119 3927 201 3978 persa
224 3926 241 3962 a
263 3906 301 3960 ud
323 3923 374 3960 aas
399 3902 544 3971 Pamphila
570 3905 682 3955 absente
706 3905 874 3972 perdurare,
897 3909 988 3975 potest
1009 3906 1106 3951 tamen
1129 3905 1156 3952 εἰ
1181 3906 1185 3911 ’

120 3978 173 4040 ad,
195 3923 273 4033 valia
295 3971 466 4042 significare:
490 3975 532 4052 [ut
555 3971 592 4022 sit
615 3974 737 4037 adiuro,
760 3972 933 4027 valdeiuro.
973 3969 1155 4040 implacabile

120 4054 230 4112 tutem,
256 4039 464 4121 perimendam
487 4040 678 4118 implacabile,
707 4047 737 4098 at
766 4041 838 4098 benc
868 4037 1011 4115 respondit
1031 4038 1068 4092 aa
1091 4034 1158 4091 illud
1186 4037 1188 4067 ²
