2430 4620
262 322 296 364 a
320 284 478 391 umeri.
503 298 660 362 sucos.
680 300 737 379 iv,
761 296 909 401 so-sc
924 303 955 370 o.
1064 264 1131 367 125²

135 459 306 541 eunl‘illtlicis
327 486 432 538 divinos
455 472 574 539 bdnores
590 484 707 549 meruit,
731 492 762 536 ut
779 484 859 552 (Aen.¹
871 489 904 552 1,
920 483 988 545 79.)=
1012 482 1058 534 Tu
1075 482 1128 534 dus

136 524 213 591 ’ΜΝ
234 544 373 605 occumber'e
399 556 505 607 diuum.
550 555 619 622 [Alii
649 552 758 618 dicunt,
787 553 875 622 qued,
905 569 969 603 cum
992 553 1129 605 Vulcanus
1173 552 1178 565 ‘

130 608 368 676 messem-diu
385 630 545 692 quaereret,
568 640 620 674 nec
643 622 791 687 inveniret,
815 623 898 673 sedile
915 621 984 673 fecit
1005 622 1074 687 tale,
1097 628 1129 672 ut

127 678 193 717 Μ’
206 674 296 752 {Duker
313 694 353 753 in)
369 708 402 745 eo
420 693 467 761 qui
485 691 610 754 sedisset,
627 706 740 758 surgere
756 704 814 741 non
831 697 929 760 posset,
944 689 972 740 in
990 707 1045 757 quo
1063 707 1129 741 cum

120 734 256 804 'mlum
267 762 344 826 luno,
366 776 419 811 nec
438 769 528 829 posset
544 775 707 827 exsurgere,
727 760 861 810 Vulcarms
885 758 994 826 negavit
1011 775 1040 811 se
1057 757 1129 809 solu-

111 820 337 895 &Qniritium
360 829 414 880 nisi
436 830 511 896 prius
529 835 655 898 parentes
678 843 739 878 suos
763 827 819 878 sibi'
832 835 1024 892 monstrasset,
1046 833 1129 894 atquo

105 889 153 936 ¹²¹¹
182 879 269 946 stilum
283 905 333 961 est,
357 897 441 948 ut‘in
457 898 582 950 Deorum
604 908 753 947 numerum
776 898 955 966 reciperetur.
989 894 1059 947 Sane
1078 912 1128 945 nee

100 952 193 1008 Dim
203 953 273 1012 hunc
290 962 397 1027 menrd3
420 966 467 1017 elii
490 966 530 1017 ita
553 965 724 1033 intelligunt,
748 964 824 1033 qussi
848 973 906 1017 tam
924 966 978 1015 cito
996 964 1128 1016 extinctus
1148 1008 1153 1014 .

99 1028 156 1089 ¹512
182 1026 270 1082 tt'nec
287 1035 385 1087 Veneri
409 1051 461 1087 nec
477 1034 580 1085 Libero
597 1034 718 1104 potuerit
735 1033 851 1102 operosi.
885 1033 1004 1083 Proinde
1027 1030 1128 1085 nobili-

99 1099 156 1151 b&
179 1097 267 1157 pueris
280 1104 366 1165 ‚editis
388 1102 419 1154 in
444 1103 515 1154 atrio
540 1102 636 1152 domus
652 1101 751 1153 luuoni
773 1101 873 1166 lectus,
896 1101 1008 1153 Herculi
1030 1116 1128 1154 metesa

100 1161 255 1242 poam!-
294 1172 358 1224 Non
375 1172 454 1237 deus,
469 1172 488 1223 i.
505 1190 529 1223 e.
545 1172 675 1242 luppiter.
711 1169 856 1236 Nec,deo,·
873 1169 891 1223 i.
908 1188 931 1222 c.
948 1168 1094 1236 Minerva]

176 1297 313 1360 ldleGA
323 1288 358 1360 ⁵V.
391 1308 543 1377 [Menalcas
560 1307 687 1375 Virgilius
704 1306 750 1358 bic
767 1282 936 1377 intelligitur,
955 1306 1002 1375 qui
1019 1307 1128 1365 obitum

102 1378 190 1440 {nm
203 1370 251 1419 ⁸1¹5
275 1370 359 1430 Flacci
376 1377 474 1430 deflet:
497 1376 554 1441 vel,
577 1385 608 1427 ut
625 1376 672 1427 alii
689 1376 795 1440 volunt,
818 1375 1129 1445 interfectionemssae·
1196 1434 1199 1439 ,

101 1431 334 1513 ..risMopsus
358 1460 423 1497 vero
446 1445 576 1497 Aemilius
598 1445 694 1495 Macer
720 1445 880 1497 Veronensis
903 1445 999 1510 Po'efta,
1022 1447 1127 1497 amicus
1195 1442 1198 1447 ’

103 1498 218 1579 firmil-l
243 1532 284 1551 *-
315 1522 340 1574 1.
366 1514 426 1565 Gur
449 1531 506 1565 non
530 1513 641 1587 Mopsg,
666 1515 750 1576 boni,·
774 1515 942 1566 inducuntur
965 1514 1020 1564 duo
1043 1516 1128 1567 amici

113 1584 221 1673 parm*
250 1592 346 1636 canere
369 1583 406 1635 ad
429 1581 654 1634 delectationem:
685 1582 761 1632 Unde
787 1586 814 1634 et
837 1599 865 1634 se
887 1581 1001 1633 laudent
1023 1593 1051 1636 et
1074 1584 1128 1637 sibi

116 1648 220 1713 „eidem
234 1650 337 1702 cedunt
372 1651 448 1703 Boni
464 1659 567 1714 autem,
584 1649 665 1702 docti.
698 1650 734 1699 Et
750 1650 866 1718 figurate
883 1651 935 1715 eit,
952 1651 1018 1703 boni
1035 1654 1129 1719 ambo,

120 1729 184 1779 §.e-
206 1705 245 1758 TU
264 1721 378 1787 calamos
399 1719 502 1787 inflare
520 1721 607 1782 leuis3
631 1719 767 1787 [calamos
791 1727 838 1770 aut
854 1720 926 1770 leues
943 1736 1042 1771 versus
1065 1722 1083 1772 i.
1101 1740 1126 1773 e.

100 1796 104 1801 '
129 1781 231 1841 affilas
246 1788 284 1838 ted
300 1788 396 1853 melius
410 1797 451 1841 est
463 1800 494 1838 tu
509 1789 633 1838 calamos
649 1788 728 1846 leues,
745 1804 794 1854 ege
811 1788 900 1838 dicere
914 1804 1020 1841 uersus.
1051 1789 1127 1842 Boni

131 1858 210 1911 luere
220 1858 296 1906 tillem
308 1856 449 1909 Graecum
465 1864 521 1918 est;
538 1857 576 1907 itu
588 1856 689 1907 Graeci
706 1851 811 1924 dyadis
827 1853 988 1924 πολεμίζειν.
1024 1857 1126 1911 Dicere

139 1934 359 1991 mervacum,
384 1933 415 1976 ut
438 1927 532 1978 Horat.
550 1926 652 1990 (Carni.
670 1930 701 1988 1,
719 1926 784 1986 21.):
808 1925 936 1975 Dianam
956 1928 1063 1987 tenerae
1081 1928 1125 1978 di-

143 1994 176 2044 eite
188 1990 311 2059 uirgines,
333 1995 445 2062 ponitur
470 2002 498 2045 et
514 2009 564 2063 pro
583 1995 745 2059 nominare,
768 2003 800 2048 ut
817 1997 893 2060 (Aen.
910 2000 942 2058 1,
959 1995 1045 2057 soth:
1070 1996 1127 2046 Ite·

138 2059 186 2113 hem
202 2059 294 2113 desisse
311 2065 393 2112 ducis
412 2063 444 2112 de
461 2066 574 2114 nomine
591 2061 718 2129 gentem]
736 2088 768 2099 -
811 2071 836 2119 3.
853 2062 910 2112 Hic
928 2065 1034 2131 corylis
1052 2067 1125 2114 mir-

135 2133 241 2185 uiuus
255 2133 428 2197 consedimus
448 2133 553 2195 ulmos;
573 2132 640 2181 ordo
659 2140 712 2183 est:
737 2131 793 2181 Cur
810 2147 866 2182 non
884 2131 982 2198 Mopse
998 2133 1047 2184 bio
1061 2148 1127 2184 con·

128 2203 224 2255 edimus
244 2199 314 2268 inter
336 2200 426 2259 ulmos
442 2200 541 2252 mixtas
564 2199 678 2267 corylis,
694 2199 811 2263 scilicet,
834 2208 865 2250 ut
881 2218 1020 2253 canamus.
1054 2200 1125 2254 Sane

119 2269 179 2323 aur
201 2269 374 2337 praepositio,
399 2269 462 2336 quie
486 2269 635 2350 postposita
658 2276 712 2333 est,
736 2269 850 2319 mutarit
874 2278 1033 2336 accentum,
1056 2271 1127 2322 sicut

110 2336 273 2393 dirrum-
310 2336 416 2404 4.[Tu
436 2355 543 2402 meier,·
567 2337 585 2387 i.
603 2354 626 2389 e.
650 2337 692 2388 vel
715 2345 797 2400 natu,
820 2337 862 2388 vel
883 2337 1055 2403 merito.]-
1098 2346 1123 2396 5.

102 2408 159 2463 debe
183 2407 237 2471 suh
266 2407 386 2456 incertos
403 2406 548 2473 Zephyris
571 2402 756 2461 messoribus,
770 2406 899 2467 umbram
922 2408 989 2458 dicit
1012 2407 1126 2476 quidem

99 2475 268 2537 verecunde,
283 2491 311 2526 se
327 2474 367 2526 illi
385 2475 578 2545 obtemperare
595 2474 710 2537 debere3
727 2474 845 2526 ostendit
860 2483 973 2540 tanton,
990 2478 1055 2544 quid
1072 2477 1126 2529 sibi

99 2550 209 2619 placeat.
246 2543 318 2593 Nam
335 2560 366 2594 er
380 2544 442 2611 ipsa
464 2544 544 2595 laude
562 2545 651 2606 antri,
674 2551 702 2594 et
719 2560 750 2594 ex
767 2543 900 2594 arborum
918 2545 1125 2611 vituperatione,

99 2630 214 2687 mum
238 2612 358 2663 incertas
383 2612 496 2663 umbras
520 2610 598 2678 [esse]
623 2611 703 2674 dicit,
729 2612 846 2664 ostendit
863 2629 941 2663 suam
958 2615 1124 2666 sententiam

99 2703 144 2739 aee
163 2681 324 2733 meliorem.
356 2680 482 2732 Incertae
506 2687 598 2731 autem
617 2680 732 2731 umbrae
749 2689 812 2731 sunt
829 2688 857 2730 et
874 2699 904 2732 ex
922 2681 984 2732 solis
1001 2682 1125 2746 circuitu,

99 2764 165 2807 iter
185 2749 346 2800 mobilitate
364 2757 521 2814 ventorum,
538 2749 611 2815 quod
628 2749 686 2815 ipse
703 2748 788 2799 etiam
806 2749 884 2799 dicit:
902 2749 1047 2816 Zephyris
1066 2769 1123 2802 me·

99 2822 220 2875 entibus
241 2818 371 2869 umbras.
399 2816 479 2883 [Sarte
497 2819 672 2868 succedimus
690 2825 718 2868 et
734 2818 822 2868 dativo
846 2826 873 2867 et
890 2819 1040 2868 accusativo
1058 2821 1124 2871 casi-

99 2908 137 2943 ηις
166 2894 283 2940 secutus
312 2893 372 2936 tam
395 2892 529 2950 veterem,
559 2901 642 2952 quem
672 2893 797 2936 nostram
826 2886 1051 2938 consuetudinem
1075 2904 1124 2939 sito

99 2976 166 3011 nore
184 2954 297 3021 iungit,
313 2954 368 3005 sive
387 2955 501 3005 umbras
519 2956 710 3016 succedimus,
733 2956 788 3004 sive
806 2966 902 3019 antro,
919 2972 981 3004 cum
1000 2956 1066 3007 alibi
1083 2973 1124 3009 ses

99 3037 165 3078 estus
183 3031 299 3091 tautum
316 3023 457 3091 antiquos,
479 3024 567 3074 dativo
584 3031 693 3073 tentum
711 3023 854 3072 succedere
872 3023 988 3074 iunxerit
1006 3026 1081 3087 (Aen.
1099 3031 1125 3091 8,

99 3096 178 3157 tm:
199 3093 248 3157 ,Ac
265 3094 372 3142 nestris
397 3094 511 3141 succede
527 3094 690 3156 penatibus,
714 3098 742 3141 et
759 3096 807 3155 (7,
824 3091 909 3153 501.):
932 3091 1125 3160 Successitquc

99 3181 200 3233 gemens
228 3162 359 3215 stabulis.
400 3158 538 3211 Sallustius
561 3167 656 3211 tamen
682 3159 828 3209 succedere
854 3161 1005 3210 accusativo
1028 3161 1124 3227 iunxit,

99 3234 133 3286 ed
150 3231 201 3281 ubi
221 3245 311 3298 prope
328 3227 473 3296 significet:
492 3227 561 3278 Cum
581 3245 693 3279 murum
710 3225 833 3278 hostium
852 3232 1043 3294 successisset,
1060 3249 1124 3298 poe.

99 3318 141 3353 us
160 3298 295 3349 dederet:
318 3297 371 3347 boe
391 3305 444 3359 est,
462 3313 526 3345 curn
544 3314 630 3366 prope
648 3310 762 3345 murum
780 3297 941 3348 accessisset.
975 3297 1124 3354 Succeders

99 3378 180 3423 tutem
197 3368 280 3418 idem
297 3366 446 3433 significat,
464 3367 538 3432 quod
555 3373 596 3416 est
611 3365 719 3427 subire,
736 3364 753 3414 i.
772 3381 808 3425 e.,
825 3366 932 3432 penitus
949 3365 1074 3432 intrare]
1088 3393 1123 3407 —-

99 3445 116 3495 1.
132 3436 303 3497 Lebrusca‚·
321 3434 381 3484 vitis
398 3434 524 3500 agrestis:
538 3450 631 3500 utrae,
649 3431 714 3500 quia
731 3433 760 3482 in
777 3439 869 3484 terrae
886 3434 1058 3500 marginibus
1075 3455 1124 3488 na-

99 3506 188 3570 scitur,
206 3505 344 3555 labrusca
363 3502 435 3583 diega
453 3510 508 3564 est,
534 3503 651 3553 silubris
670 3508 697 3551 et
714 3502 931 3553 extremitatibus
949 3511 1055 3568 torrae,
1072 3506 1123 3572 [vel

99 3575 162 3643 pred
184 3588 289 3642 sapore
315 3571 417 3634 acerbo
439 3569 518 3623 labra
533 3569 644 3635 laedat]
661 3596 694 3605 —
729 3575 755 3625 8.
772 3568 920 3621 Montibus
945 3573 976 3621 in
1000 3576 1122 3638 nostris,-

99 3660 122 3695 ιο
144 3643 166 3694 si
190 3643 314 3702 diceret,
340 3640 370 3690 in
393 3638 446 3696 ¹boc
469 3639 616 3690 territorio.
668 3637 735 3687 Tibi
759 3651 857 3700 certem
889 3648 1049 3709 usurpatum
1074 3649 1120 3694 est.

99 3709 264 3763 tam-hodie
283 3721 355 3758 certo
373 3720 461 3758 secum
480 3708 603 3758 dicimus.
636 3707 796 3774 [Amyntam
821 3707 983 3758 Cornificius
1000 3727 1050 3778 per
1067 3711 1122 3760 iro·

99 3781 162 3832 riam
185 3774 310 3840 elicitum]
333 3803 368 3814 —
410 3782 436 3833 9.
461 3773 551 3841 Quid,
576 3778 602 3826 si
628 3778 700 3827 idem
725 3787 807 3826 certet
830 3776 967 3828 Phoebum
991 3795 1123 3844 superare

99 3851 233 3909 tenendo;
258 3847 381 3897 offensus
403 3845 608 3915 comparatione
632 3843 786 3910 inferioris,
807 3844 860 3897 boc
884 3844 962 3896 dixit:
984 3845 1049 3898 licet
1065 3863 1121 3898 nen
1178 3843 1181 3847 ’

115 4016 139 4066 5)
167 4020 226 4054 luter
244 4014 356 4063 fremente
376 4013 421 4053 libri
435 4015 468 4051 vl.
488 4012 577 4050 Sellustii
596 4013 727 4063 fragmentum
746 4014 863 4058 retulerunt·
897 4013 931 4057 ur
949 4011 1050 4055 arui-m
1068 4013 1120 4053 iuter

167 4075 285 4126 urguente
296 4072 345 4114 libri
357 4072 389 4112 uu
403 4070 516 4122 protertur:
536 4082 605 4112 mures
619 4076 766 4113 secernerem:
