2452 4626
232 317 267 357 ιιι
290 291 448 392 alneu.
472 289 635 354 ceolla.
654 295 695 367 3,
715 294 872 385 auf-,⁹3
902 374 905 380 .
1004 292 1070 359 367

12 483 31 539 ἰ
111 456 306 545 Erlclithorili,
328 476 527 533 Erichthonius
551 491 583 526 er
607 474 716 526 Electra
739 482 767 527 at
791 475 855 527 leve
878 473 1016 537 nascitur,
1042 481 1074 525 ut

12 498 136 621 ἔγευσε
154 551 274 617 tragicus
291 548 409 618 scriptor
426 546 517 598 sentit.
551 544 685 613 Cynthius
701 550 743 594 est
758 544 854 613 Apollo
878 559 895 597 a
919 552 1014 595 mente
1031 542 1077 596 in-'

12 623 113 673 sulae
137 619 202 670 Deli
219 618 327 686 Cyntho
348 617 447 668 dictus.
481 613 587 665 Idcirco
609 614 711 663 Troiae
736 621 833 665 auctor
856 614 972 678 dicitur,
998 612 1073 684 qued

12 706 102 741 eam
118 685 255 739 munierit
271 686 322 737 sub
339 683 530 737 Laomedonte
548 689 576 732 et
591 682 777 752 Neptune—-
811 689 855 740 37.
872 682 989 733 Invidia
1007 690 1082 743 etc.·„
1107 700 1111 711 ι
1138 683 1140 687 ’

12 764 128 831 potest
144 754 230 807 videri
247 755 293 807 hic
309 753 447 815 sententia
463 750 611 819 ambigue,
634 751 701 818 quia
726 757 755 801 et
771 750 1072 820 angssesinterpratari

12 832 128 901 potest
145 823 241 894 aliquis
258 830 367 888 rotam,
390 830 419 876 et
434 837 492 874 non
510 816 699 891 exsuperabile
714 835 810 891 aarum
825 819 941 883 Ixionis3
956 821 1004 872 sed
1020 835 1073 873 nec

12 906 85 969 per
108 903 203 945 rotam
220 901 249 944 ct
271 908 365 944 sertim
382 891 458 943 eliud
481 904 540 940 essa
564 888 741 956 supplicium.
773 888 862 941 Sentit
878 887 971 955 enim,
993 888 1073 941 illum

19 980 44 1017 a
64 963 161 1028 furia,
186 968 219 1013 ut
238 960 411 1025 Pirithoum,
440 955 537 1026 urgeri
560 958 648 1029 epulis
669 955 742 1026 regii
764 966 1074 1029 apparatus,'quarum
1110 998 1113 1005 .

62 1034 149 1083 ‘mae
164 1028 361 1094 incendantur,
384 1036 413 1081 et
428 1036 508 1081 metu
523 1026 710 1096 impendentis
726 1028 785 1080 saxi
805 1027 914 1096 urgeri,
938 1043 1004 1079 cum
1020 1027 1074 1080 eit:

17 1038 111 1171 gt’aid
128 1115 287 1151 memorem
303 1097 450 1167 Lapithae,
472 1096 582 1158 Ιιιίοιιιι,
605 1093 816 1165 Pirithoumque
832 1103 884 1148 etc.
920 1094 973 1150 Sed
990 1095 1073 1165 signi·

20 1169 132 1225 ficatio
161 1168 264 1219 horum
287 1183 418 1225 versuum
440 1167 500 1219 fere
523 1164 593 1218 haec
621 1171 677 1216 est:
707 1163 836 1234 Quisquis
856 1165 988 1219 inviderit
1009 1165 1074 1218 huic

22 1239 137 1309 operi,
157 1236 271 1289 debebit
290 1236 392 1289 timere
415 1242 477 1306 pest
500 1248 640 1286 excessum
663 1231 735 1286 vitae
750 1232 899 1304 supplicis,
921 1251 994 1304 quae
1016 1233 1075 1306 p'eti

23 1305 229 1367 existimantur
246 1303 383 1370 defuncti,
405 1310 436 1358 et
451 1301 552 1368 furias,
575 1301 693 1369 Cocytus
709 1307 804 1355 autem
821 1302 898 1372 palus
914 1311 957 1365 est
971 1303 1074 1357 iniere·
1162 1300 1165 1307 '
1186 1276 1190 1283 Ι

24 1392 106 1431 rum
129 1370 158 1428 el
178 1373 248 1443 Styx.
270 1373 355 1442 Styge
377 1372 401 1426 si
423 1372 530 1425 diceret
550 1387 690 1437 severam,
711 1370 927 1425 intellexerimus
938 1389 1015 1445 ⁴eam
1038 1369 1075 1423 ob

17 1446 95 1503 hoc
111 1443 182 1511 dici,
205 1440 280 1512 quod
302 1445 360 1494 eius
382 1441 484 1511 religio
501 1446 595 1492 teneat
618 1437 696 1500 dees;
718 1456 771 1507 per
793 1455 858 1495 eam
880 1441 967 1494 enim
981 1441 1075 1497 leuare

20 1513 200 1567 creduntur.
234 1511 288 1563 Sed
304 1509 401 1579 Cocyti
417 1519 537 1562 'amnem
559 1507 640 1573 dicit,
663 1508 728 1577 quia
751 1526 770 1562 a
789 1508 914 1563 luctuosa
937 1525 1003 1562 voce
1027 1526 1075 1580 ap·

18 1583 166 1655 pellatur.
200 1579 329 1632 Severum
352 1587 448 1632 eutem
470 1575 607 1647 significat
627 1576 751 1640 tristem,
776 1577 850 1647 qued
872 1580 1020 1650 preprium
1037 1587 1077 1634 ast

20 1649 136 1705 morti.
169 1649 280 1701 Interea
298 1655 365 1712 etc.;
388 1647 443 1701 hec
460 1656 515 1712 est,
538 1644 693 1697 scribamus
709 1663 824 1699 carmen
841 1656 965 1716 agreste,
985 1648 1076 1718 impe·

19 1728 135 1775 ratum
156 1735 174 1771 a
197 1717 369 1770 Maecenate.
404 1715 555 1769 Cithaeron
576 1729 656 1766 mous
680 1722 720 1767 est
742 1715 888 1782 Boeotiae,
909 1716 951 1771 ibi
968 1735 1076 1781 ,arcana

20 1786 137 1843 L'iberi
154 1786 239 1858 patris
255 1803 333 1838 sacra
349 1782 525 1838 celebrantur
546 1784 629 1835 tertio
647 1799 757 1853 queque
775 1799 858 1851 anno,
879 1786 954 1855 quod
970 1787 1077 1842 Triete·

20 1862 98 1913 rica
115 1857 255 1907 dicuntur.
288 1855 465 1907 Existimetur
481 1861 575 1906 aretem
592 1851 678 1909 Liber
695 1869 752 1905 esse
770 1868 835 1904 cum
847 1853 949 1920 Musis,
966 1864 995 1909 et
1010 1858 1076 1912 ideo

22 1945 65 1985 ex
87 1925 210 1989 hedera,
232 1923 331 1975 frende
349 1923 423 1988 eius,
446 1937 550 1973 corona
573 1921 661 1992 poetis
679 1921 768 1974 datur.
802 1921 884 1974 Nunc
907 1923 1012 1977 idcirce
1030 1944 1076 1978 ve·

23 1995 98 2050 cari
123 2010 154 2045 sa
179 1994 236 2046 eius
259 1992 341 2044 sacris
365 1991 421 2042 vult
444 1990 547 2060 accipi,
569 1989 643 2061 qued
668 1998 696 2042 et
719 1990 754 2043 de
770 1990 869 2042 vitibus
893 1997 1077 2064 praeceperit.

22 2068 179 2133 Taygetos
206 2078 288 2114 canes
316 2060 383 2113 dicit
406 2059 572 2123 Laconicas,
603 2076 620 2111 a
644 2058 768 2128 Taygete
797 2067 893 2114 monte
917 2061 1076 2120 Laconices.

25 2133 198 2204 Epidaurus
219 2138 262 2195 est
284 2128 480 2200 Peloponnesi,
507 2128 581 2181 unde
604 2127 703 2197 optimi
733 2135 762 2180 et
780 2129 990 2197 ¹generosissimi
1013 2135 1078 2205 equi
1157 2162 1161 2169 ·

14 2204 150 2259 'orarunt-
167 2229 201 2242 -
234 2203 279 2257 46.
298 2198 479 2250 Messenen
501 2203 567 2259 etc.;
591 2197 735 2267 pollicetur
743 2234 751 2262 ,
776 2213 806 2250 ae
823 2213 934 2267 quoque
952 2200 1078 2257 Caesaris
1112 2208 1122 2231 ⁸

27 2267 165 2333 Octavii,
181 2266 228 2337 qui
244 2275 339 2337 postea
354 2269 489 2335 Auguuus
506 2265 715 2334 cognominatus
733 2272 788 2330 est,
809 2267 978 2338 scripturum
996 2273 1078 2324 victe-

27 2343 123 2397 riam.
159 2338 197 2390 Et
213 2337 326 2405 quidam
342 2342 454 2406 putant,
471 2351 537 2386 cum
553 2335 694 2404 promissis
711 2335 797 2387 fidem
815 2336 983 2406 destituisse,
998 2340 1078 2410 igne·

26 2417 153 2472 rantes,
169 2421 226 2457 nen
244 2406 359 2474 quidem
376 2406 582 2474 προηγουμένως
598 2413 658 2455 acta
676 2403 734 2456 eius
750 2403 899 2473 scripsisse,
915 2409 963 2460 sed
981 2417 1076 2465 tamen

28 2496 99 2534 nen
124 2475 296 2538 claudicare,
317 2484 452 2543 quantum
477 2473 512 2527 ad
534 2471 600 2525 fidei
622 2472 743 2542 pertinet
765 2473 914 2529 vinculum.
955 2478 986 2530 In
1006 2481 1076 2533 VIII,

29 2549 119 2605 enim
137 2542 282 2612 descripsit
296 2542 326 2594 in
344 2543 438 2612 clypeo
454 2543 513 2596 'eius
549 2555 653 2610 ugnam
670 2549 699 2594 et
712 2542 858 2595 Actiacruu
875 2542 988 2615 bellum,
1004 2549 1078 2619 qued

31 2627 82 2673 eet
113 2621 223 2684 gestum
254 2629 319 2663 cum
348 2611 475 2665 Antonio.
515 2561 650 2663 debenus
679 2618 774 2662 autem
804 2611 857 2664 fuit
881 2611 1079 2670 Laomedontis

30 2687 130 2751 filius,
151 2683 239 2735 irater
256 2681 374 2741 Priami3
396 2680 444 2750 qui
467 2681 637 2734 existimatur
654 2677 689 2730 ab
707 2680 816 2732 Aurora
832 2681 989 2745 adamatum
1013 2701 1078 2738 uxo·

32 2771 106 2811 rem
128 2753 205 2804 enim
221 2767 293 2823 ,eam
315 2749 452 2802 habuisse.
490 2749 597 2802 Priami
622 2758 717 2801 autem
739 2747 799 2801 filia
821 2750 940 2818 Creusa,
969 2755 1079 2809 Aeneae

33 2839 128 2886 uxor,
151 2829 241 2872 mater
264 2818 387 2884 Ascanii,
410 2836 427 2872 a
450 2833 505 2888 quo
527 2834 631 2887 genere
654 2817 689 2867 ad
713 2818 862 2870 Caesarem
887 2822 1020 2886 pervenit.
1043 2848 1079 2863 ·-

33 2903 86 2954 50.
105 2892 189 2941 Anas
207 2886 349 2942 Lucinam
367 2894 434 2953 etc,
458 2903 490 2940 es
507 2887 612 2939 Lucina
629 2894 737 2954 partus,
754 2902 788 2938 eu
804 2888 962 2956 Hymenaeo
979 2906 1080 2945 concu-

35 2966 118 3016 bitus
136 2959 293 3026 accipimus.
326 2960 422 3026 Itaque
438 2956 492 3010 hoc
509 2955 562 3016 ait:
583 2955 647 3007 Post
669 2969 781 3006 annum
796 2956 839 3007 IV.
857 2964 886 3010 et
900 2958 976 3011 intra
993 2959 1025 3013 X.
1042 2958 1080 3014 ad

25 3027 258 3095 'cericipiendum
289 3044 346 3080 esse
369 3027 448 3095 utiles
472 3024 568 3088 boves,
596 3030 672 3077 extra
701 3022 790 3075 finem
813 3024 888 3078 huuc
912 3043 1021 3096 puum.
1042 3055 1080 3070 .-

36 3109 89 3160 82.
114 3097 262 3163 spadicam
294 3095 418 3166 palmae,
441 3095 518 3147 cuius
539 3094 599 3144 iam
621 3091 714 3144 delicit
737 3091 829 3157 color,
857 3095 981 3148 celerem
1004 3095 1080 3153 dicit.

38 3167 130 3222 Siculi
147 3164 223 3217 enim
247 3163 385 3230 palrnam,
409 3180 494 3233 quam
511 3161 619 3215 Graece
642 3160 780 3232 phoenice
804 3163 957 3232 appellant,
982 3175 1081 3221 vocant

37 3237 164 3308 spadica.
197 3233 296 3302 Spadir
313 3248 377 3285 vere
392 3233 469 3285 celer
492 3237 549 3296 est,
573 3242 656 3299 quem
672 3230 869 3300 Leucepyrum
889 3240 1003 3290 cecant.
1026 3235 1082 3290 hee

41 3313 101 3370 est,
125 3303 203 3356 albus
220 3310 249 3354 et
265 3303 362 3354 leucus.
397 3301 517 3353 Glaucus
535 3308 627 3350 autem
644 3298 735 3365 color,
758 3299 860 3354 stridis.
902 3300 1015 3370 Amycle
1033 3320 1081 3377 ep-

39 3375 144 3448 pidum
161 3378 202 3424 est
218 3370 383 3437 Laconicas,
405 3378 437 3423 ut
451 3369 539 3422 refert
555 3369 692 3419 Homerus
713 3368 743 3420 in
762 3369 896 3436 Catalege
912 3364 1020 3425 ducum‘
1031 3372 1082 3443 tytii

40 3446 80 3499 ad
107 3442 223 3493 Troiam
244 3446 426 3497 accesserunt.
464 3437 557 3489 Pollux
579 3443 673 3488 autem
694 3443 724 3488 et
745 3437 844 3490 Castor
868 3438 1081 3496 Lacedaemone

44 3512 107 3567 nati
130 3516 207 3574 sunt,
230 3508 278 3577 qui
300 3507 489 3560 existimantur
511 3521 597 3574 eques
619 3505 757 3574 accepisse
781 3522 798 3556 a
813 3506 935 3574 lunone,
957 3510 1086 3563 muneris
1120 3500 1125 3523 ¹

44 3580 176 3643 nomine,
206 3576 348 3628 Xanthum
372 3581 402 3627 et
423 3574 578 3642 Cyllarum,
608 3589 676 3642 ques
705 3574 731 3626 ei
753 3572 897 3646 Neptunus
925 3575 1084 3632 donaverat.

9 3654 11 3672 ³
45 3649 147 3705 Martis
164 3646 229 3714 equi
244 3646 372 3697 dicicitur
388 3642 485 3694 Dimes
502 3650 530 3695 et
545 3641 669 3707 Phebos,
691 3643 815 3698 Homero
838 3652 967 3706 auctore3
991 3645 1084 3699 Achil·

8 3710 12 3779 ξ
45 3721 96 3783 lis,
112 3718 243 3777 ,xanthus
267 3721 295 3766 et
311 3710 426 3764 Aethon.
467 3709 587 3779 Quidam
658 3719 734 3764 ttuer
748 3721 865 3793 putant,
887 3720 916 3764 et
931 3712 970 3765 eis
985 3713 1084 3767 adiuun

9 3786 12 3791 ’
47 3795 119 3857 gunt
141 3784 301 3836 Pederdum
322 3788 351 3833 et
373 3780 521 3850 Lampum.
568 3778 602 3832 Se
644 3779 684 3833 eis
708 3795 757 3849 qur
780 3781 848 3833 dues
870 3779 989 3834 credunt
1011 3781 1083 3835 base

8 3856 12 3883 ²
49 3871 149 3910 cortun
173 3853 297 3920 epitheta
319 3865 379 3902 ease
401 3863 561 3920 persuasum
584 3855 684 3900 est-
717 3854 762 3910 93.
778 3850 911 3901 Saturnus
932 3848 1084 3919 Philyram,
1178 3896 1183 3917 ,

9 3938 12 3945 '
50 3923 158 3976 Oceam
176 3930 204 3971 ct
220 3921 340 3988 Thetyes
356 3917 458 3983 liliam,
482 3916 653 3970 existimatur
676 3916 832 3981 adamassa;
855 3923 884 3971 et
906 3918 973 3970 crena
995 3935 1032 3972 ea
1051 3935 1083 3974 se
1144 3957 1152 3971 .

8 3992 10 4020 ¹
49 3997 182 4045 mutasset
196 3990 226 4041 in
244 4004 359 4057 equam,
376 3994 407 4037 ut
423 4001 489 4038 eum
504 3984 622 4047 influet,
636 3983 683 4040 ille
701 4001 812 4057 quoque
828 3984 858 4039 itt
874 4000 980 4054 equum
994 3993 1083 4041 haue

8 4066 9 4117 i
48 4061 182 4131 figurans·
199 4074 264 4112 eum
281 4073 316 4113 aa
331 4052 497 4124 manubriis,
519 4070 552 4111 ea
567 4052 668 4133 syrtibus
683 4062 766 4112 ιιιιιιι
780 4061 823 4113 cs
838 4050 962 4124 Chiron,
983 4054 1083 4122 doetis-
