2452 4626
183 256 225 299 nr
247 236 410 301 VIRGIL.
432 238 607 303 amun.
629 238 712 303 Lus.
734 238 791 319 11,
813 246 965 311 ⁴5-68·
1080 248 1103 311 7

67 424 143 477 Liler
165 421 340 491 Pomplneos
364 424 471 477 inuidit
494 425 617 479 collibus
643 426 768 481 umbros.
790 452 826 465 -
872 432 919 487 45.
941 425 1099 479 Discedens

69 496 205 555 dederam
231 490 303 546 rard
319 488 352 546 ω’
368 490 543 563 σιωπώμενον
565 497 620 548 hoc
636 496 825 565 intelligimus.
858 494 933 551 Nem
949 495 1099 549 abscedens

63 578 196 633 nuspiam
219 571 262 615 est
285 564 449 615 Euandrum
478 566 612 617 allocutus
634 569 748 618 Aeneas.
771 592 805 601 -
845 572 891 623 48.
922 566 992 617 Cum
1023 568 1098 617 dure

61 634 168 703 proelio
191 644 289 699 μιῆς
311 632 490 685 subaltdimus
506 634 582 703 sore.
601 661 634 673 -
670 634 802 693 5ll.1·'ors
824 646 849 685 et
868 648 932 686 uoto
949 635 1045 704 sacis,
1069 640 1098 687 et

62 706 149 769 torte,
168 702 332 769 [utrumque
349 701 427 755 enim
443 702 573 768 dicimus]
589 706 675 756 etiam
697 702 749 772 [et]
765 710 826 755 vola
850 706 969 775 suscipit.
1004 704 1098 755 Potest

60 780 88 825 et
103 786 191 823 unum
207 786 267 823 esee
283 772 384 834 lomet,
407 770 426 821 i.
434 770 466 825 ⁸e.
483 772 612 840 forsitan
629 781 690 825 vota
707 772 788 835 lacit,
805 774 846 839 [et
862 775 919 823 iarn
936 780 997 823 vota
1014 770 1098 823 susci·

61 838 120 960 pit]
154 838 343 905 Cumulalque
360 840 466 891 altorio
484 844 585 905 donis;
609 843 627 893 i.
645 860 670 895 e.
692 842 830 894 sacrificat
852 848 881 891 et
897 841 1010 910 suscipit
1026 848 1096 892 vota.

78 908 229 961 'annaliter
249 916 347 960 eutem
370 909 495 977 queritur
519 912 554 962 dc
579 926 675 965 errore
700 910 744 978 (al.
763 922 843 973 cerm
865 908 959 963 Guell.
974 916 994 961 l.
1011 908 1097 971 horr.)

60 977 160 1030 mentis
180 978 334 1029 humanae.
349 1002 385 1015 -
419 984 463 1035 sl.
479 978 535 1032 Nil
558 982 617 1030 ium
643 980 808 1031 coelestibus
834 979 904 1029 ullis
928 978 1097 1041 Belenum,-

35 1046 398 1181 llt‘l'ull’lllll
421 1049 626 1171 ‘illiti
643 1044 1097 1183 ‚llll‘llt'‘llll‘lollt

364 1152 370 1165 ¹
389 1151 396 1164 '
927 1154 935 1183 7

68 1186 170 1249 superis
183 1201 288 1235 euerso
306 1184 448 1237 voluntas.
482 1184 594 1255 Superis
611 1195 705 1240 aretem
722 1185 856 1238 debemus
874 1188 985 1251 ouuria,
1006 1184 1095 1236 donee

69 1250 181 1317 vivimus,
200 1253 271 1305 ideo
295 1253 376 1322 pua,
406 1262 437 1307 ut
459 1254 555 1308 dicunt
576 1258 696 1326 physici,
723 1270 789 1306 curn
812 1254 888 1307 uesci
911 1254 1097 1324 coeperimus,

67 1322 184 1372 mmm
202 1338 222 1373 a
239 1321 304 1375 Sole
320 1321 463 1393 spinum,
480 1342 498 1377 e
514 1324 595 1377 Luna
612 1341 726 1395 corpus,
742 1342 759 1375 a
776 1323 870 1376 Marte
886 1325 1059 1391 sanguinem,
1076 1338 1094 1374 ι

62 1386 196 1441 Merctu'io
212 1390 378 1459 ingenium,
400 1408 417 1442 a
432 1392 495 1446 love
518 1393 620 1445 horum
638 1392 733 1459 (codd.
752 1392 908 1458 honorum,
929 1410 950 1443 s.
968 1392 1096 1455 honoris,

62 1458 194 1523 emnium)
211 1458 392 1526 desiderium,
407 1478 424 1512 e
441 1462 549 1515 Venere
565 1463 746 1533 cupiditates,
762 1480 779 1514 n
795 1464 914 1515 Souuno
932 1462 1095 1513 humorem:

60 1542 126 1595 qm
142 1528 301 1579 0111111ιεὶ11
351 1528 357 1539 ’
387 1532 505 1585 reddere
518 1530 643 1585 videntur
659 1532 781 1583 extincti.
813 1533 861 1599 [Et
877 1530 1096 1581 lrooseeundum

31 1598 39 1609 ”
59 1594 196 1677 physicam
213 1529 405 1666 diwipffi3
420 1601 535 1653 trudunt
551 1603 626 1655 euim
644 1599 761 1679 physici,
778 1600 872 1650 omnia
890 1616 939 1649 uos
957 1599 1095 1651 tuereris

59 1680 160 1735 superus
176 1682 252 1735 quae
275 1682 371 1719 rursus
388 1670 500 1722 extincti
515 1672 656 1723 reddimus
680 1685 746 1736 rpus
762 1669 945 1736 potestatibus
962 1665 1097 1737 supernis,

27 1746 36 1753 ·
60 1732 129 1801 quod
145 1743 176 1788 et
189 1735 269 1786 Plato
287 1734 394 1788 videtur
411 1747 549 1804 astruere,
568 1740 616 1807 qui
633 1739 709 1805 dicit,
724 1736 799 1806 quod
815 1753 880 1787 cum
898 1736 932 1789 de
950 1736 1096 1787 effluxione

29 1834 34 1843 ·
59 1804 175 1855 dentium
190 1820 250 1856 non
267 1804 388 1855 alienun
405 1809 593 1876 quarumlibet
607 1824 721 1873 rerum,
743 1806 792 1858 sed
813 1805 937 1877 ipsarum
954 1804 1096 1856 stellarum

60 1871 159 1923 luennt
175 1874 293 1925 animae
309 1877 472 1941 corporibus
489 1877 718 1941 commodandae,
733 1876 863 1943 quicquid
880 1875 914 1925 de
931 1874 996 1944 ipsis
1014 1871 1097 1925 lonti-

59 1936 104 1991 bus
118 1941 267 1995 stellarum
281 1942 385 2009 ebullit,
400 1944 454 1997 hoc
470 1944 588 2013 intelligi
599 1948 702 2000 debere
714 1945 810 1995 stellas.
845 1945 921 2011 Ergo
934 1943 1097 2011 priruquum

44 2024 223 2077 ¹neor-pora
245 2010 440 2079 ingrediantur
457 2016 569 2068 animae
595 2034 645 2087 per
669 2015 740 2066 haec
757 2015 837 2082 sigua
854 2014 976 2065 erroticu
991 2019 1097 2063 transe-

27 2074 33 2137 Ῐ
60 2086 147 2144 tum,
169 2080 281 2148 singule
296 2083 453 2163 supradicta
475 2084 600 2155 singulae
621 2084 769 2153 accipiunt.
801 2084 873 2134 Item
889 2088 1019 2133 exeuntes
1041 2080 1098 2131 siu-

59 2146 117 2213 μὴ
133 2148 233 2217 sigulis
254 2149 405 2203 redhrbere
422 2152 504 2219 dicit,
528 2172 598 2223 quae
622 2155 651 2205 iu
674 2165 775 2219 corpus
797 2152 936 2203 vatrieutes
960 2164 1095 2216 percepe-

57 2212 194 2281 Ι’1111ῑκ]··
229 2223 274 2275 ⁶2.
295 2218 374 2273 Vono
394 2224 493 2274 moesti
511 2225 679 2275 comitamur
696 2220 816 2285 honore3
842 2219 934 2281 insui,
956 2227 988 2267 ut
1011 2233 1094 2282 supra

56 2282 187 2351 diximus,
210 2295 348 2354 quantum
365 2291 400 2343 ad
418 2295 489 2343 vivos
506 2292 639 2362 portiuet;
663 2292 740 2357 [nam
756 2288 824 2340 talia
840 2286 874 2339 de
892 2286 1008 2337 mortuis
1026 2285 1096 2335 liunt

23 2370 27 2381 ·
57 2353 91 2404 ad
105 2354 237 2406 solatium
254 2358 447 2424 superstitum,
472 2368 503 2410 ut
520 2368 560 2412 est
576 2359 649 2429 apud
666 2358 832 2411 Ciceronem
854 2357 882 2407 iu
903 2356 1008 2407 Catone
1026 2355 1097 2406 mai·

56 2438 103 2473 ore
119 2426 155 2490 (u.
173 2424 244 2485 20.):
260 2424 374 2478 Solonis
393 2429 505 2496 quidem
522 2431 661 2495 sapientis
678 2428 802 2493 elogium
821 2438 869 2491 est,
887 2442 940 2493 quo
961 2442 989 2474 se
1009 2436 1094 2491 negat

24 2500 30 2527 ³
55 2492 123 2542 uelle
139 2510 228 2543 suam
248 2508 361 2545 mortem
380 2500 475 2550 dolore
493 2500 651 2549 amicorum
675 2508 700 2546 et
724 2497 855 2546 lomentis
874 2511 984 2546 vocare.
1022 2493 1096 2559 Vult,

58 2562 154 2627 oredo,
184 2579 215 2613 se
240 2579 299 2614 esse
317 2582 414 2616 corum
440 2569 536 2618 sociis.
554 2594 589 2603 —
624 2573 666 2624 53.
686 2564 795 2634 Infelix
819 2565 884 2613 noti
902 2563 1017 2633 sunu53
1040 2563 1095 2613 hoc
1123 2574 1130 2585 '

36 2630 172 2697 'quidem
196 2627 341 2686 ἀνέκδοτον
365 2644 396 2687 et
416 2636 530 2704 vulgare
554 2634 708 2703 occipiunt,
728 2634 776 2685 sed
800 2633 930 2685 decenter
948 2632 984 2684 ad
1007 2631 1096 2703 expri-

55 2701 192 2752 mendum
214 2704 302 2771 petris
324 2702 466 2757 adiectum
489 2721 563 2757 ulmo
587 2705 622 2757 ad
646 2711 757 2771 petrem
779 2700 876 2765 redit]
898 2727 931 2737 —
980 2707 1023 2757 st.
1053 2698 1096 2749 Hi

56 2772 148 2821 nostri
167 2772 291 2836 reditus,
308 2772 326 2824 i.
344 2792 367 2825 e.
384 2773 452 2825 tales
470 2772 576 2842 [sunt:]
593 2780 624 2823 ut
641 2772 718 2837 (lfi.):
736 2770 928 2836 Manliusque
948 2772 1017 2821 meis
1035 2768 1095 2819 Mc-

11 2882 14 2899 ,
55 2842 166 2890 tentius
184 2838 232 2891 hio
251 2854 299 2892 est.
332 2842 542 2912 [Expectatique
560 2841 698 2907 triumphi
705 2862 712 2899 ;
736 2841 819 2891 modo
845 2840 879 2891 de
903 2856 932 2889 se
955 2835 1097 2905 loquitur]

11 2904 16 2953 2*
53 2932 89 2945 ·—
121 2916 167 2967 55.
185 2908 266 2960 Haec
285 2930 344 2964 mea
363 2930 467 2982 magno
479 2912 573 2982 fides;
599 2908 669 2963 nurui
685 2906 716 2961 τό
735 2905 923 2977 σιωπώμενον
952 2923 1037 2974 quam
1060 2905 1095 2959 de

11 3005 13 3019 ·
53 2974 184 3029 Pallantis
200 2980 300 3045 reditu,
310 2983 477 3054 promiserat
493 2981 575 3049 petri.
608 2982 655 3051 [At
674 2998 731 3031 non
751 2979 898 3044 Euandre5
916 2984 965 3027 aut
982 2974 1098 3025 mutavit

52 3045 287 3112 declinationem
312 3069 379 3104 nem
400 3052 535 3103 Euander
558 3052 639 3115 facit,
664 3057 694 3099 ut
716 3049 775 3121 ipse
801 3052 869 3114 (10,
887 3046 971 3106 §ll-l:
1000 3042 1095 3093 Pallas

52 3114 191 3169 Euander
214 3120 249 3170 in
272 3122 359 3185 ἱρείας
387 3129 436 3173 aut
461 3122 601 3173 Graecum
623 3117 776 3170 vocativum
799 3117 881 3181 fecit,
905 3107 927 3165 ol
949 3108 1093 3181 Εὕανὸρει]

11 3244 15 3255 Ι
53 3182 203 3238 Pudendis
227 3190 413 3255 vulneribus5
436 3208 453 3242 a
475 3197 555 3258 tergo
579 3189 674 3242 illatis:
698 3194 726 3238 et
749 3193 791 3237 est
810 3183 970 3237 consolatio.
1011 3181 1095 3250 [Quid

11 3258 14 3267 '
50 3262 147 3306 eutem
173 3258 317 3322 pudendis
348 3260 397 3325 sit,
425 3260 489 3328 ipse'
514 3260 635 3329 exposuit
661 3255 778 3308 diceudo
806 3257 921 3323 pulsum
955 3247 1096 3317 aspicies]

48 3322 113 3374 u'ee
129 3328 256 3391 sospile3
278 3329 420 3398 antiptosis
437 3338 478 3380 est
494 3344 546 3398 pro
565 3330 683 3396 sospiti:
702 3333 729 3375 et
745 3326 799 3377 hoc
816 3325 897 3375 dicit:
915 3321 943 3373 Si
959 3318 1097 3387 fu[g]isset

49 3392 216 3447 vulneratus
232 3414 251 3449 a
272 3404 366 3465 tergo,
389 3398 441 3469 ipsi
458 3397 485 3450 ei
508 3404 618 3464 optares
641 3394 794 3448 interitum.
829 3392 907 3461 [Alii,
931 3406 988 3441 non
1009 3388 1097 3440 telem

47 3460 156 3529 hebes,
172 3464 284 3533 iuquit,
299 3466 389 3518 lilium
406 3482 461 3535 quo
479 3467 579 3535 sospite
596 3466 648 3517 tibi
664 3465 758 3515 dirum
776 3464 858 3515 funus
876 3468 1003 3530 optares,
1021 3454 1097 3527 quod

46 3540 185 3603 parentes
203 3534 258 3585 sibi
275 3536 385 3605 precari
405 3536 495 3587 solent
518 3535 554 3586 ob
573 3535 727 3604 nequitiam
751 3532 912 3583 liberorum.
949 3529 1016 3592 Alii,
1040 3542 1097 3579 uon

45 3602 178 3671 optabis,
196 3604 302 3672 inquit,
317 3606 411 3675 spspiti
427 3604 483 3656 filio
501 3613 636 3669 mortem,
660 3602 733 3671 quod
750 3600 840 3666 magis
856 3599 986 3652 heroicae
1003 3610 1099 3677 perso:

44 3686 102 3723 nae
121 3682 272 3739 convemt,
295 3682 323 3726 et
346 3692 431 3744 qrrere
449 3675 553 3741 sospite
578 3689 629 3741 pro
649 3669 792 3738 respitii]
810 3697 845 3706 —
880 3674 922 3729 59.
942 3666 1021 3719 Horo
1047 3665 1097 3715 ubl

45 3741 186 3810 deflevit,-
217 3741 274 3794 hoo
298 3751 353 3808 est,
381 3744 528 3814 postquam
557 3741 627 3795 haec
651 3757 717 3793 curn
742 3737 871 3807 lacrymis
894 3737 968 3789 dixit
1017 3732 1098 3787 Flere

43 3812 127 3862 enim
146 3820 208 3875 est,
233 3827 300 3863 cum
316 3829 382 3865 voce
404 3813 566 3880 lacrymare.
600 3811 678 3863 Unde
702 3808 838 3863 habemus
861 3807 982 3860 inserto
1001 3801 1099 3871 (426·)=

47 3879 204 3933 Continuo
224 3883 342 3933 auditae
359 3898 454 3949 uoces,
475 3883 589 3951 vagitus
615 3893 641 3933 et
666 3882 697 3933 in
718 3895 782 3931 cns.-
807 3876 1011 3946 insontumque
1035 3872 1099 3953 qni·

44 3968 110 4001 mae
128 3950 246 4023 flentes
270 3954 303 4003 in
327 3952 427 4003 limine
453 3953 553 4017 primo.
572 3976 607 3990 -
641 3954 685 4005 60.
729 3960 773 4001 oto
800 3948 885 3999 lectos
910 3962 942 3996 cs
968 3957 1099 4009 ogmmtl

12 4022 22 4095 ζ
43 4020 204 4087 Troianos,
220 4020 335 4089 Tuscos,
351 4020 480 4077 Arcades.
493 4046 527 4059 ·-
560 4025 604 4079 63.
623 4018 753 4089 deligam
769 4015 893 4087 quamvis
909 4012 985 4066 enim
997 4026 1101 4079 magne
