2430 4620
902 92 908 113 ,
985 78 987 83 .

318 311 354 352 m
379 288 536 350 VIRGIL.
559 287 720 377 GEQRG.
739 285 773 356 ³1.
792 290 952 379 '8440-
1090 295 1153 360 179

103 477 149 529 hic
172 473 378 544 distinguitur,
407 473 462 527 nisi
484 472 597 527 dixeris:
628 473 690 544 Ipse
712 470 764 524 tibi
786 479 847 523 tum
869 469 985 525 brachia
1008 469 1151 527 connum

107 547 209 599 ardens
228 544 370 612 Scorpius,
386 543 458 596 bene
474 543 601 611 optantis,
618 562 653 596 ne
669 542 753 594 verba
770 541 948 610 maledictum
966 540 1149 612 comprehcn-

107 616 175 666 disse
191 613 353 666 videantur.
387 613 448 663 Iam
467 611 583 664 itachia
602 626 623 661 c.
641 611 722 675 a.S.,·
739 612 802 663 ideo
818 612 939 678 Augusto
956 610 1057 663 merito
1073 613 1149 665 iuxta
1210 622 1213 631 '

107 683 263 752 Scorpium
279 682 373 733 locum
390 681 530 749 adsignat,
547 683 611 748 quia
628 682 701 731 sidus
716 679 770 731 hoc
787 692 869 747 supra
887 677 1009 730 Romam
1026 680 1148 748 positum

105 754 243 805 creditur.
288 752 375 800 Varro
398 759 494 802 tamen
519 751 559 801 ait
582 763 611 799 se
634 749 936 817 legisse÷Empedotim
954 749 1148 819 (Empedocli>

102 821 220 872 cuidam
239 819 410 887 Syracusano
434 837 449 870 a
477 817 598 886 quadam
622 825 764 888 potestate·
781 814 872 869 divina
895 817 1046 868 mortalem
1070 834 1148 888 aspe-

103 899 183 940 ctum
200 889 361 951 detersum,
384 903 502 957 eumque
520 885 593 939 inter
612 895 703 957 cetera
719 895 776 936 tres
813 893 885 936 ortas
902 885 1012 952 vidisse,
1034 894 1147 955 tresque
1200 946 1203 953 Ι

103 960 170 1009 rias.
207 958 303 1008 Unam
327 956 364 1007 ad
389 956 500 1025 signum
523 955 695 1022 Scorpionis,
718 971 772 1023 qua
821 955 926 1006 ercules
947 953 982 1006 ad
1006 955 1071 1008 deos
1094 958 1148 1013 isra

106 1027 266 1079 diceretur:
290 1025 408 1076 alteram
431 1042 481 1092 per
505 1023 639 1087 limitem,
664 1025 712 1090 qui
736 1031 776 1073 est
799 1024 872 1074 inter
888 1024 1013 1075 Leonem
1031 1032 1059 1076 et
1074 1023 1149 1093 Carn-

106 1110 207 1146 orum:
225 1093 343 1147 tertiam
364 1111 424 1145 esse
443 1094 516 1145 inter
529 1093 680 1161 Aquarium
695 1098 724 1143 et
732 1091 835 1142 Pisces:
852 1094 955 1159 Argute
971 1092 1066 1162 itaqua
1083 1103 1157 1146 cam·

110 1164 195 1216 viam'
208 1170 239 1216 et
259 1163 358 1214 sedem
380 1162 478 1213 tribuit
493 1164 628 1226 Augusto,
650 1162 715 1213 lorti
736 1160 919 1228 Imperatori,
941 1178 1026 1229 quam
1049 1163 1149 1215 habuit

112 1232 179 1286 deus
201 1230 360 1296 fortis.]·-
401 1237 444 1289 35.
461 1231 568 1280 Ardeas
586 1230 734 1297 Scorpius;
760 1231 858 1280 ardens
875 1227 911 1281 ad
933 1229 1000 1282 illud
1017 1233 1148 1298 refertur,

112 1303 179 1369 quia
192 1300 294 1353 Martis
317 1308 359 1351 est
382 1298 567 1350 domicilium:
590 1315 656 1351 nam
680 1297 786 1367 Scorpii
808 1305 922 1365 tempus¹
938 1300 1073 1368 frigidum
1097 1309 1148 1366 est,

110 1371 213 1438 quippe
237 1369 316 1420 cuius
334 1369 492 1419 November
517 1376 557 1418 est
578 1368 686 1420 mensis.
722 1365 783 1433 [Vel
806 1370 909 1418 ardens
933 1368 968 1418 ad
985 1369 1057 1419 virus
1080 1370 1148 1436 eius,

108 1440 153 1490 vel
167 1441 204 1492 ad
222 1436 405 1507 cupiditatem
422 1436 535 1503 Augusti
551 1433 724 1506 recipiendi]
759 1432 838 1485 Iusta
855 1437 921 1504 plus
938 1449 1032 1502 parte,-
1050 1452 1146 1490 secuu-

105 1508 173 1558 dum
193 1509 365 1571 Chaldaeos,
390 1508 436 1573 qui
454 1505 599 1577 Scorpium
617 1505 711 1554 dieunt
726 1505 847 1572 spatium
865 1505 983 1556 duorum
1000 1507 1145 1569 signorum
1186 1530 1189 1535 ·

105 1584 214 1630 tenere.
252 1577 339 1644 [Ergo
357 1583 385 1626 et
406 1574 458 1624 loci
483 1573 570 1643 spatio
593 1581 620 1624 te
637 1573 752 1638 imitat]
769 1600 803 1610 -
824 1576 827 1581 '
845 1580 887 1631 36.
906 1573 1047 1642 Quicquid
1070 1579 1147 1642 «νέες

105 1649 176 1698 ordo
193 1652 253 1707 est:
278 1642 416 1711 Quicquid
440 1644 507 1705 eris,
532 1643 567 1692 da
588 1642 699 1693 facilem
723 1656 841 1694 cursum.
877 1643 978 1695 Cetera
1001 1644 1076 1695 euim
1094 1644 1145 1713 p‘er

103 1712 292 1786 parenthesin
309 1713 379 1764 dicta
398 1719 469 1762 sunt.
502 1710 561 1760 Nec
579 1721 688 1776 sperent
705 1721 812 1760 tartara
832 1728 920 1781 regem
929 1737 939 1776 ,·
957 1716 1019 1780 [nec
1036 1725 1146 1778 sperent

103 1786 189 1849 dixit,
215 1781 297 1851 quasi
320 1779 487 1830 beneficium
505 1779 538 1829 de
556 1779 660 1844 (Burin.
678 1779 748 1828 coni.
767 1778 819 1840 det)
844 1790 1008 1849 quocunque
1033 1783 1147 1836 venerit.

105 1880 140 1891 -
178 1860 224 1909 37.
243 1851 302 1901 Nec
326 1848 378 1899 tibi
402 1847 538 1915 regnandi
560 1849 652 1898 veniat
674 1855 731 1896 tam
750 1847 811 1899 dira
828 1847 947 1915 cupidu]
981 1842 1145 1919 'Aiippape-

105 1917 159 1974 πῶς
177 1920 249 1971 dicit
265 1919 343 1969 illum
361 1934 412 1968 nec
430 1917 534 1967 debere
551 1917 624 1967 mori
641 1917 723 1978 velle,
748 1933 800 1966 uec
824 1932 911 1982 posse.
945 1917 1032 1985 [Dira
1050 1928 1144 1972 aretem

105 2006 158 2061 pru
184 2003 292 2055 magna
316 1986 358 2038 vel
379 1983 545 2048 vehemens]
568 2010 602 2022 -
650 1992 692 2040 38.
721 1982 861 2050 Quamuis
887 1985 1006 2053 Elysios,
1027 1989 1146 2041 miretur

108 2060 235 2110 Graecia
260 2072 388 2122 campas3
412 2055 477 2104 licet
500 2055 693 2122 praeferantur
717 2053 800 2104 inferi
823 2071 839 2103 a
857 2053 971 2106 Graecis
995 2056 1092 2107 Poetis.
1110 2086 1143 2101 ...

108 2134 150 2184 39.
176 2125 238 2176 Nec
263 2128 376 2191 repetita
404 2125 485 2190 sequi
509 2134 585 2171 curet
610 2121 777 2189 Proserpina
810 2125 945 2186 mmmm,⁸
968 2124 1052 2175 Ceres
1079 2141 1145 2177 cum

109 2205 222 2262 raptam
242 2212 257 2245 a
275 2195 389 2244 Plutone
405 2190 598 2258 Proserpinam
614 2190 701 2240 filiam
718 2190 765 2241 diu
782 2190 944 2258 quaesisset,
966 2193 1079 2244 tandem
1097 2194 1149 2246 ali·

110 2265 221 2332 quarido
240 2279 304 2314 eam
329 2277 386 2312 esse
404 2261 474 2330 apud
499 2261 603 2310 inferos
621 2259 771 2328 comperit:
796 2276 846 2328 pro
865 2278 920 2327 qua
943 2274 974 2312 re
993 2276 1058 2311 cum
1076 2258 1145 2316 [ovis

111 2330 287 2399 implorasset
304 2330 448 2392 auxilium,
473 2329 519 2379 illc
536 2329 695 2398 respoudit,
718 2343 796 2396 posse
815 2344 878 2379 eam
895 2330 1011 2394 reverti,
1035 2332 1058 2381 si
1074 2333 1146 2385 nihil

104 2401 185 2469 ,apud
210 2400 317 2451 inferos
342 2399 507 2466 gustavisset.
540 2395 589 2447 Illa
612 2405 707 2453 autem
731 2396 789 2447 ism
806 2398 902 2449 Punici
919 2398 986 2449 mali
1008 2399 1038 2450 in
1053 2401 1145 2468 Elysio

114 2484 199 2538 grana
215 2475 385 2536 gustaverat:
412 2482 495 2533 quam
512 2479 574 2523 rem
590 2462 771 2533 Ascalaphus,
795 2464 883 2533 Stygis
905 2466 992 2532 filius,
1015 2468 1143 2534 prodidit

114 2539 190 2589 Unde
207 2539 373 2606 Proserpina
390 2537 424 2586 ad
440 2550 551 2603 superus
569 2548 697 2586 remeare
714 2549 770 2584 non
787 2535 883 2601 potuit.
917 2537 988 2586 Hinc
1006 2538 1146 2592 aitLuca-
1196 2567 1200 2580 ι

116 2623 163 2657 nus
181 2614 222 2674 (6,
240 2609 327 2668 740.):
355 2603 434 2669 Quae
453 2616 476 2652 te
495 2605 638 2652 detineant
655 2607 777 2653 Aetnaea
796 2605 888 2668 dapar.
922 2604 1012 2672 Quam
1031 2609 1148 2660 necessi·

116 2680 198 2725 tatem
223 2675 307 2727 modo
325 2673 454 2739 Uirgilius
470 2671 649 2740 Proserpinae
669 2671 772 2738 ¹tribuit
793 2671 932 2724 voluntati.
968 2673 1037 2727 Sane
1059 2677 1145 2728 Ceres

120 2745 215 2796 alote
246 2752 340 2812 postea
371 2741 504 2791 meruisse
527 2740 643 2805 dicitur,
672 2747 702 2791 ut
724 2741 889 2808 Proserpina
911 2756 957 2792 sex
983 2751 1053 2793 esset
1079 2758 1145 2796 cum

120 2821 202 2863 matre
220 2810 376 2873 mensssius,
393 2826 437 2860 sex
455 2826 519 2858 euin
548 2809 652 2860 uarito:
677 2809 749 2876 qiiod
767 2807 975 2877 ideulingitur,
996 2809 1060 2879 quia
1079 2814 1146 2864 Pro·

120 2883 222 2949 serpina
246 2880 305 2949 ipsa
329 2887 383 2942 est,
408 2894 478 2944 quae
496 2886 524 2928 et
537 2825 635 2941 iruna,
661 2894 731 2945 quae
755 2886 812 2928 toto
837 2895 907 2930 anno
934 2895 978 2931 sex
1002 2879 1144 2934 mensibus

122 2951 226 3014 crescit,
246 2958 274 2998 et
290 2965 335 2999 sex
351 2945 459 3008 deficit,
476 2947 579 2996 scilicet
597 2962 647 3012 per
664 2946 783 3014 singulos
801 2962 909 2998 menses
925 2947 1070 3014 quindenis
1087 2950 1145 3002 die·

121 3015 178 3069 bus:
195 3015 227 3068 ut
242 3032 367 3080 crescens
385 3017 458 3082 apud
474 3031 604 3081 superus,
623 3014 750 3066 deficiens
768 3014 841 3083 apud
858 3016 962 3066 inferos
980 3033 1038 3068 esse
1056 3016 1145 3071 videa-

120 3091 166 3136 tur.
197 3087 246 3154 [Et
262 3085 321 3136 Nec
338 3089 419 3151 sequi
444 3097 520 3133 curet
534 3083 706 3150 Proserpina
731 3097 846 3133 matrem
870 3087 905 3136 ad
927 3084 1144 3139 admirationem

120 3153 266 3221 Elysiorum
285 3150 388 3222 posuit,
412 3153 484 3220 qu'od
501 3154 584 3204 matri
595 3152 717 3222 'praelati
733 3151 815 3216 sunt]
832 3177 865 3191 -
899 3158 953 3209 40„
964 3150 1009 3204 Da
1022 3155 1143 3224 facilem

120 3238 243 3289 aursum3
261 3238 326 3274 meo
339 3222 581 3292 scilicetpo'e'mati.
617 3222 703 3288 Atque
720 3221 878 3272 audacibus
896 3241 921 3273 a.
938 3237 960 3274 c.
966 3244 975 3288 ;
993 3226 1146 3279 verecunde

142 3388 174 3440 Si)
204 3390 230 3430 G.
245 3392 291 3430 lIoc
305 3403 409 3429 commune
422 3387 512 3428 amnibus
527 3386 624 3427 atui-itm
639 3389 702 3436 cocli;
723 3394 758 3428 aut
772 3388 856 3436 ardena,
877 3389 974 3430 laetitiam
994 3404 1065 3442 parare
1079 3394 1144 3433 laeum

193 3451 287 3498 Augusto
292 3463 300 3497 3
319 3450 368 3485 item
383 3447 428 3485 ard.
442 3450 531 3495 scorpius
548 3449 635 3485 (isaccus
650 3447 785 3485 nominativus
800 3455 839 3493 cat,
854 3455 875 3486 et
888 3449 933 3488 aad.
948 3453 971 3488 ut
985 3447 1039 3495 dixi,
1053 3451 1080 3490 ad
1093 3451 1145 3490 illud

192 3507 281 3563 rclsrtup
295 3513 333 3542 etc.
363 3507 456 3553 Scarpias
470 3505 517 3542 hab.
532 3505 590 3540 etiam
606 3505 631 3540 L.

140 3586 174 3637 38)
204 3589 231 3625 G.
245 3586 388 3635 Quaerendum
404 3598 429 3621 uu
444 3585 469 3621 ad
484 3591 574 3622 aricturca
590 3586 690 3630 (isaccus,
712 3598 736 3623 au
751 3587 777 3624 ad
792 3586 855 3623 solnm
870 3584 981 3624 Homerum
996 3584 1096 3630 retulerit,
1111 3586 1145 3638 qui

194 3645 216 3683 iu
230 3647 323 3693 Odyssea
340 3654 420 3689 campos
435 3642 504 3679 laudat
517 3642 609 3693 Elysius,
626 3636 709 3679 ct'adro
725 3656 818 3680 amoenus
832 3644 887 3680 lucos
901 3644 983 3691 (luens).
999 3658 1047 3693 qaus
1062 3650 1146 3692 praeru-

194 3702 242 3740 leui
258 3700 321 3737 aruuri
338 3698 550 3745 in÷.t1·isl'rascrpiun‚
571 3711 607 3734 nec
629 3706 709 3748 recepta
728 3700 823 3737 fiicriltatc
843 3712 887 3737 catu
908 3700 992 3736 volucrit
1012 3701 1079 3749 acqui,
1100 3700 1112 3736 i.
1128 3713 1146 3736 e»

194 3761 296 3798 Cererem.
326 3755 444 3803 Proserpina
464 3754 517 3791 lovis
538 3759 556 3789 vt
577 3756 652 3792 Cereris
672 3756 722 3799 iilia,
743 3770 793 3805 «pieac
813 3769 850 3805 per
868 3769 950 3804 specum
968 3756 1046 3793 Siciliae
1065 3770 1078 3793 a
1098 3756 1147 3792 Dite

194 3823 251 3864 patre
267 3820 325 3861 rapta
341 3819 377 3848 est.
404 3813 427 3848 lu
443 3810 540 3847 inlermuu
556 3810 660 3847 descendit
673 3810 742 3856 terei,
763 3820 786 3851 ut
800 3813 860 3850 liliam
875 3813 988 3861 perciperet
1001 3812 1091 3860 (scrip),
1111 3810 1147 3849 illa

194 3879 281 3908 mutium
301 3869 356 3917 sequi
378 3868 446 3904 noluit.
481 3870 555 3914 Spu-cus
576 3880 611 3914 pcr
632 3880 690 3916 quam
711 3868 851 3912 dmenudcrut,
873 3870 958 3906 arundus
979 3875 1009 3905 cst
1028 3869 1147 3917 oppillatus·

192 3929 243 3965 lte-m
266 3939 302 3964 rex
323 3926 457 3961 ltlulussurum
477 3922 617 3970 Proserpinam
637 3925 715 3972 rapuit,
741 3932 761 3962 ct
783 3929 841 3963 Ceres
861 3924 927 3962 hostia
948 3937 993 3961 arun
1011 3926 1146 3963 cantatoribus

194 3985 264 4022 urultia
279 3983 378 4032 pulsavit,
399 3994 435 4017 uec
450 3980 542 4023 ueniebat
558 3981 584 4015 ad
597 3993 642 4017 eam
656 3981 695 4018 fitia
710 3995 746 4031 pro
761 3983 825 4031 (pree)
840 3981 968 4018 luci'amoro.

137 4063 171 4112 ii)
200 4067 224 4102 1·
241 4060 395 4105 serichatum
407 4063 431 4101 B.
446 4061 471 4101 n.
488 4060 511 4098 V·
525 4062 612 4104 urinas,
627 4062 653 4099 R.
668 4058 739 4100 uates
753 4074 789 4112 par
804 4053 866 4103 loia.
882 4059 954 4098 (luetis
961 4062 978 4100 1.
992 4061 1016 4098 u.
1030 4062 1107 4100 uariae.

894 4159 951 4217 w
