2430 4620
151 272 215 334 tto
411 263 555 328 sautu
577 266 936 331 COMMENTARIUS

148 459 240 503 resurr
256 443 351 504 leonis.
367 476 402 489 -
434 452 760 522 64107tlrisus3herba
779 461 827 505 est.
861 451 1003 519 Lascive,·
1027 455 1186 525 voluptuosa

147 530 176 573 et
199 520 402 586 desirtiose21-
443 528 487 578 65.
506 522 544 572 Te
564 523 694 588 Corydon
719 545 735 575 υ
755 524 853 586 Aleei‚·
879 525 936 574 dots
961 543 976 576 o
1003 541 1038 588 a,
1061 524 1185 576 antibac-

148 591 225 641 chius
242 598 298 643 est:
321 590 369 640 sed
388 609 403 640 ο
429 589 518 641 brevis
540 589 584 641 fu:
608 593 671 658 quie
699 593 796 644 vocalis
819 592 943 642 vocalem
965 591 1100 660 sequitur.
1142 592 1185 645 Sic

147 662 296 711 Homerus:
320 653 450 727 πλᾶγχθη
475 659 533 711 irtel
554 664 647 727 tpot'nt
671 656 754 729 ἱερόν.
792 659 893 710 Trahit
911 677 965 710 sua
983 677 1119 729 quemque
1138 680 1182 713 vo-

149 730 260 795 luptas‚·
277 737 390 780 notatur
408 745 425 779 a
443 728 566 794 criticis,
583 730 656 796 quod
673 731 746 783 hanc
763 733 928 782 sententiam
945 729 1057 782 dederit
1074 731 1183 795 rintieo,

147 814 231 865 supra
255 797 374 851 bucolici
397 797 529 848 carminis
551 798 659 865 legem,
691 807 740 850 ant
763 799 980 866 possibilitatem.
1032 797 1182 866 [Excusari

147 875 243 918 tainen
267 872 371 934 potest,
414 864 459 916 uia
482 867 619 918 sententia
643 867 751 935 vulgata
775 875 830 928 est;
855 875 886 916 ut
910 866 1059 918 Terentius
1083 866 1113 916 in
1130 871 1182 917 Aa·

147 935 208 988 dria
225 940 270 1002 (l,
288 934 322 995 l.)
338 933 386 985 dut
413 934 499 983 'tvos
529 934 572 987 Ne
590 936 659 1002 quid
680 934 786 1000 itiitere]
804 963 836 972 -
871 942 914 993 66.
934 936 1037 985 Aratra
1055 935 1125 1002 iugo
1144 953 1183 986 re·

142 1005 244 1075 ferunt
261 1020 398 1071 suspensa
417 1004 547 1066 iuvenci;
572 1003 718 1057 Horatius:
744 1005 842 1055 Videre
853 1005 951 1072 fessos
968 1021 1108 1054 vomerem
1126 1021 1180 1054 oer-

148 1092 211 1125 sum
225 1072 314 1125 Boves
327 1073 399 1125 collo
415 1070 555 1123 trahentes
572 1073 719 1140 languida.
754 1075 789 1124 Et
806 1074 859 1124 lroc
876 1073 932 1124 vult
947 1072 1057 1124 dicere:
1074 1070 1180 1139 Omnis,

147 1149 261 1213 exceptu
278 1157 389 1204 amore,
405 1138 547 1192 finiuntur.
564 1167 598 1179 -
633 1150 676 1198 ot.
693 1142 730 1195 Et
747 1143 791 1193 rol
808 1152 873 1202 ete.;
898 1140 1025 1194 variavits
1047 1157 1116 1192 narn
1131 1140 1189 1205 (ut)'

147 1214 299 1280 aitsupra:
321 1208 501 1275 Maioresque
519 1211 626 1261 eadunt
643 1211 710 1262 altis
735 1213 768 1262 de
793 1211 938 1262 montibus
964 1211 1088 1261 umbrae.
1121 1208 1179 1260 Du·

147 1284 238 1349 plicat
257 1287 366 1343 autem,
391 1289 482 1346 auget.
516 1278 655 1331 Sallustius
673 1281 728 1346 (lib.
746 1281 786 1331 vt
804 1278 929 1341 Hister.):
953 1279 990 1329 Et
1005 1278 1124 1329 Marius
1142 1280 1177 1328 ui·

147 1365 209 1401 etus
233 1348 426 1415 duplicaverat
451 1347 561 1398 bellum.
585 1379 618 1389 -
662 1353 706 1406 68.
723 1348 769 1398 Μι
795 1360 887 1400 tamen
914 1350 973 1398 urit
995 1363 1094 1410 amar3
1118 1362 1178 1398 cum
1206 1358 1209 1362 ’

146 1422 205 1472 iam
221 1417 297 1470 calor
314 1415 349 1466 sit
365 1416 429 1467 solis
446 1416 598 1467 exhaustus.
616 1445 650 1455 -
684 1424 727 1473 (ju.
746 1416 825 1497 Quae
850 1431 874 1468 te
892 1419 1032 1468 dementia
1049 1418 1138 1485 cepit,·
1159 1415 1177 1467 i.

147 1508 187 1554 ι,
210 1503 259 1538 cur
277 1485 419 1537 ausoribus
437 1501 527 1538 vacas:
551 1502 616 1537 eum
634 1486 720 1537 multa
742 1495 811 1551 snit,
836 1502 907 1554 quae
931 1485 1034 1538 debeas
1057 1486 1088 1538 in
1112 1499 1175 1553 egro

146 1553 299 1627 perlicere?
317 1581 351 1591 -
385 1561 428 1610 70.
446 1552 617 1621 Semiputata
636 1557 689 1607 tihi
706 1564 774 1615 etc.;
798 1554 857 1625 plus
875 1562 930 1620 eet,
947 1571 1032 1623 qnam
1049 1553 1074 1605 ri
1091 1555 1176 1619 impu·

147 1639 205 1678 tata
223 1624 336 1676 diceret.
371 1620 555 1674 Tolerabilius
571 1625 648 1676 eninr
667 1631 721 1688 est,
743 1640 799 1675 non
816 1624 940 1692 incipere
957 1622 1077 1691 aliquid,
1097 1638 1178 1692 quam

144 1696 273 1763 incoepta
289 1693 425 1742 deserere.
459 1691 529 1742 Hinc
554 1704 595 1744 est
611 1692 677 1743 illud
694 1693 723 1743 in
740 1693 831 1762 primo
850 1696 927 1760 (37.):
952 1692 1035 1743 Mene
1054 1696 1176 1759 incaepte
1198 1706 1207 1755 j

146 1766 277 1815 desistere
295 1760 420 1810 uictam?
455 1760 525 1812 Item
548 1760 580 1811 iu
597 1760 742 1828 Georgicis
766 1766 809 1827 (3,
827 1768 918 1824 519.):
943 1763 1031 1828 Atque
1049 1778 1130 1826 opere
1148 1764 1176 1811 is
1200 1774 1203 1779 '

147 1833 237 1884 medio
263 1828 356 1898 defixa
384 1830 497 1893 reliquit
522 1842 628 1880 aratra.
662 1831 732 1881 Saite
756 1831 899 1897 geminam
924 1830 1015 1896 arguit
1038 1829 1199 1900 negligem'

143 1905 228 1955 tiata:
245 1908 275 1952 et
291 1898 363 1967 qnod
382 1900 549 1968 semiputata
566 1899 626 1949 vitis
642 1899 690 1960 sit,
709 1906 738 1949 et
754 1899 827 1966 quod
843 1899 974 1951 frondosa
991 1898 1099 1950 uhnut:
1115 1913 1177 1949 nam

144 1980 293 2038 utrumque
319 1967 404 2021 obest.
438 1967 516 2018 Unde
540 1973 581 2020 est
603 1967 633 2019 in
651 1967 794 2034 Georgicis
819 1974 868 2034 (2,
884 1970 971 2031 titul:
998 1967 1051 2021 Bis
1073 1969 1176 2018 vitibus

145 2036 256 2107 ing'ruit
276 2038 383 2086 umbro.
419 2034 454 2087 Et
478 2042 526 2087 aut
548 2036 710 2106 simpliciter
726 2037 904 2101 intelligimus
921 2037 994 2087 hunc
1018 2036 1128 2102 locum,
1150 2040 1181 2099 ut,
1204 2044 1209 2067 ³

142 2116 221 2161 suant
239 2113 338 2174 arguat
354 2103 566 2173 negligentiam:
589 2112 636 2156 ant
653 2114 729 2156 certe
746 2105 811 2155 illud
830 2114 885 2157 est:
909 2106 972 2156 Non
989 2106 1112 2169 mirum,
1133 2120 1175 2156 me

144 2195 202 2231 esse
220 2178 393 2238 dementent,
416 2172 463 2240 qui
481 2172 571 2226 habeo
590 2173 656 2224 vites
672 2173 859 2239 semiputatas.
893 2173 967 2225 Nam
991 2174 1022 2225 in
1039 2168 1123 2225 laesis
1137 2172 1192 2225 di··

142 2249 230 2311 citur,
252 2244 326 2323 quod
344 2242 510 2311 corripiatur
527 2244 640 2307 furore,
666 2244 713 2309 qui
736 2243 932 2295 sacrificaverit
948 2243 982 2295 de
1001 2243 1083 2309 vino,
1104 2239 1170 2311 qiud

142 2324 183 2368 ast
199 2314 234 2367 de
250 2312 349 2366 vatibus
373 2310 522 2380 imputatis.
558 2310 619 2392 [Vel
635 2310 690 2362 alio
714 2327 809 2372 sensu3
833 2313 903 2362 sieut
920 2315 1093 2376 semiputata
1110 2311 1185 2369 vitis¹

145 2385 225 2437 tarde
241 2384 347 2435 {ructus
367 2395 428 2430 suot
453 2379 534 2446 facit,
556 2388 596 2432 ata
613 2395 664 2447 ego
682 2382 760 2431 tarde
778 2381 922 2448 adquirant
940 2382 1063 2450 gratiam
1081 2380 1174 2433 Caesa·
1203 2396 1206 2402 '

141 2454 179 2506 ris
203 2450 328 2505 bucolico
353 2446 487 2500 carmine.
534 2449 596 2500 Vult
619 2465 649 2501 se
672 2448 787 2516 intelligi
811 2449 945 2500 Aeneidos
963 2449 1083 2568 1ὃΒιιιἹιι.
1108 2447 1172 2501 coat'.
1201 2475 1204 2482 ·

140 2522 281 2586 Aeneida,
303 2536 323 2569 s.
342 2519 430 2569 libros
449 2516 596 2579 Aeneidos)
618 2517 784 2588 scripturum
809 2518 928 2570 Caesari.
990 2518 1094 2570 ebuitti
1115 2530 1174 2587 pet·

141 2592 256 2643 fectiora
280 2587 406 2639 carmina
429 2601 614 2654 componere,
638 2602 693 2637 non
718 2587 756 2637 sic
778 2584 860 2651 vilia]
877 2613 908 2624 -
954 2593 996 2645 71.
1024 2586 1107 2655 Quin
1129 2590 1180 2651 tue*

141 2660 208 2728 quin
231 2660 337 2722 immo,
359 2655 493 2706 hortantis
518 2667 565 2706 est
601 2651 729 2720 Quorum
755 2657 864 2722 indiget
889 2673 974 2721 usus;
1001 2655 1020 2706 i.
1039 2675 1079 2722 e.,
1103 2670 1170 2726 quat
1192 2658 1206 2685 ³·

140 2728 256 2779 rusticus
275 2741 336 2776 usus
353 2723 478 2792 requirit.
511 2721 581 2776 Sane
606 2733 635 2775 et
653 2737 711 2790 eget
729 2725 780 2774 illa
802 2743 829 2774 re
846 2725 976 2776 dicimus:
1001 2733 1112 2794 uteget
1129 2724 1201 2783 itte>

139 2798 258 2847 Satiatur
284 2802 313 2847 et
329 2805 388 2862 eget
407 2793 489 2842 illius
508 2794 556 2843 rei.
590 2792 656 2844 Inde
681 2800 721 2842 est
744 2793 857 2862 indiget.
891 2794 965 2846 Nam
982 2799 1010 2844 et
1035 2794 1092 2846 hoc
1110 2792 1172 2859 utri·

139 2883 193 2932 qne
210 2865 333 2933 iungitur
350 2862 431 2913 casui.
449 2885 483 2897 —·
516 2869 561 2918 72.
578 2859 728 2924 Deterere,·
746 2863 865 2912 multum
882 2871 991 2926 texere,
1008 2861 1100 2930 finire,
1116 2878 1172 2934 pot·
1201 2898 1209 2907 ,

138 2936 230 2987 licere.
271 2934 343 2983 Nam
367 2930 450 2982 modo
475 2931 507 2980 de
533 2945 589 2980 non
612 2930 761 2982 minuentis
786 2939 839 2993 est,
862 2932 909 2982 sed
933 2934 1069 2998 augentis.
1110 2932 1172 3001 [Ea
1195 2944 1200 2969 -·

138 3021 209 3072 quae
226 3001 374 3055 viminibus
399 3006 427 3049 et
449 2997 610 3051 fortioribus
634 3007 697 3049 sunt
720 2999 872 3067 alliganda,
894 3008 924 3050 tu
941 2999 1019 3051 molli
1036 3002 1121 3052 iunco
1138 3001 1209 3053 tusa

136 3072 239 3140 ligare3
257 3072 274 3124 i.
289 3089 312 3121 e.
331 3066 484 3119 amicitiam
502 3066 548 3117 vili
565 3067 690 3119 carmine
708 3069 816 3135 quaeris
835 3068 1026 3133 bucolico.]—
1064 3077 1110 3128 73.
1127 3071 1168 3121 ln·
1193 3099 1197 3104 -

136 3144 232 3192 uenies
251 3141 341 3190 alium
359 3145 425 3196 etc.;
449 3136 535 3187 alium
552 3136 661 3200 Alexin,
684 3136 768 3187 alium
793 3153 910 3206 puerum]
934 3138 1169 3205 tortuosissimum,

136 3211 185 3277 qui
207 3218 235 3262 te
261 3207 378 3259 minime
402 3212 521 3273 spernet.
556 3205 593 3254 Et
609 3205 703 3256 volunt
720 3207 834 3271 quidam
856 3206 909 3257 hoc
932 3206 992 3257 loco
1011 3207 1169 3276 allegoriam
1202 3250 1205 3254 .

136 3294 194 3330 esse
212 3278 356 3347 antiquam
373 3275 403 3327 in
420 3275 586 3339 Augustum:
605 3281 636 3323 ut
652 3273 851 3340 intelligamus:
876 3275 999 3327 Invenies
1016 3276 1106 3328 elium
1122 3278 1198 3347 ias-,r

135 3355 309 3414 perstarem,
334 3344 357 3394 si
381 3350 409 3394 te
432 3341 498 3403 (hic)
516 3344 651 3408 Augustus
676 3344 830 3393 contemnit
851 3360 902 3412 pro
926 3345 999 3412 agris
1017 3355 1168 3412 rogantem.

134 3415 187 3468 Se'd
212 3414 311 3466 melius
334 3414 408 3480 [est,
431 3408 472 3473 si]
498 3410 660 3476 simpliciter
683 3410 835 3476 accipimus
859 3413 931 3464 hunc
955 3414 1057 3471 locum,
1100 3417 1168 3469 Nam

133 3483 204 3536 nihil
228 3483 327 3545 habet,
349 3477 423 3548 quod
446 3478 532 3546 possit
554 3479 589 3529 ad
616 3480 766 3532 Caesarem
790 3481 871 3535 trahi.
905 3481 974 3533 lllud
997 3498 1064 3535 vero
1090 3485 1189 3553 patilo,

131 3561 194 3623 post
211 3569 300 3619 paene
318 3554 413 3620 aperte
430 3547 528 3599 dicitur
546 3546 576 3598 in
593 3550 745 3618 Augustum
763 3549 924 3603 Caesarem:
951 3551 1093 3620 Quoniam
1115 3556 1168 3607 forr
1195 3591 1209 3606 .,

130 3622 231 3678 'omnia
247 3627 345 3674 versat.
1169 3642 1174 3661 ¹

200 3757 348 3814 ECLOGA
372 3755 416 3808 III.
459 3759 482 3809 1.
499 3752 560 3832 ι[ζέει
586 3754 658 3804 milti
684 3754 818 3809 Damoeta
827 3781 835 3820 ,·
862 3759 960 3809 transit
982 3758 1013 3811 iu
1036 3761 1195 3831 Eclogatrt't

132 3829 244 3898 plenam
261 3826 357 3895 litigii,
381 3831 409 3876 et
426 3832 609 3873 convmorutn
628 3827 819 3894 pastoralium.
856 3827 908 3893 Qui
925 3827 1025 3895 [enim]
1040 3829 1170 3882 Bucolica
1190 3853 1204 3885 ¹¹:

160 3997 195 4046 66)
225 3999 296 4035 Horat.
311 3995 377 4044 Eputl·
393 3995 417 4037 2,
432 3991 467 4032 (33-
496 3994 535 4029 Ῐί·(·
551 4006 603 4031 vorti.
618 4010 671 4034 cers.
687 3998 710 4032 Υ.
725 4009 816 4037 vomeres
832 4000 920 4042 intera,
935 3997 961 4037 ll·
976 4010 1057 4039 vomere
1071 4000 1171 4043 t'ttrtrtsss
1198 3994 1200 3998 ¹

216 4055 256 4105 sed
271 4067 297 4094 ux
311 4068 331 4091 m
345 4052 437 4093 leserunt
451 4053 472 4092 in
486 4049 575 4097 librarii,
596 4059 619 4092 ut
633 4053 706 4093 rennes
722 4052 777 4094 auti.
805 4057 877 4095 Burm.
