<?xml version="1.0" encoding="UTF-8"?>
<!DOCTYPE html PUBLIC "-//W3C//DTD XHTML 1.0 Transitional//EN"
    "http://www.w3.org/TR/xhtml1/DTD/xhtml1-transitional.dtd">
<html xmlns="http://www.w3.org/1999/xhtml" xml:lang="en" lang="en">
 <head>
  <title>
</title>
<meta http-equiv="Content-Type" content="text/html;charset=utf-8" />
  <meta name='ocr-system' content='tesseract 3.04.00' />
  <meta name='ocr-capabilities' content='ocr_page ocr_carea ocr_par ocr_line ocrx_word'/>
</head>
<body>
  <div class='ocr_page' id='page_1' title='image "./commentariiinvi00honogoog_0146.png"; bbox 0 0 2430 4620; ppageno 0'>
   <div class='ocr_carea' id='block_1_1' title="bbox 250 202 1101 343">
    <p class='ocr_par' dir='ltr' id='par_1_1' title="bbox 250 202 1101 343">
     <span class='ocr_line' id='line_1_1' title="bbox 250 202 1101 343; baseline 0.012 -14"><span class='ocrx_word' id='word_1_1' title='bbox 250 288 287 329; x_wconf 74' lang='lat' dir='ltr'>n</span> <span class='ocrx_word' id='word_1_2' title='bbox 310 202 907 343; x_wconf 73' lang='lat' dir='ltr'>virori..aucot.v1,so-7a.</span> <span class='ocrx_word' id='word_1_3' title='bbox 1035 273 1101 339; x_wconf 80' lang='lat'>139</span> 
     </span>
    </p>
   </div>
   <div class='ocr_carea' id='block_1_2' title="bbox 9 451 1182 4098">
    <p class='ocr_par' dir='ltr' id='par_1_2' title="bbox 9 451 1182 4098">
     <span class='ocr_line' id='line_1_2' title="bbox 61 451 1099 519; baseline 0 -14"><span class='ocrx_word' id='word_1_4' title='bbox 61 468 212 519; x_wconf 66' lang='lat' dir='ltr'>rarorum,-</span> <span class='ocrx_word' id='word_1_5' title='bbox 236 465 292 505; x_wconf 87' lang='lat' dir='ltr'>una</span> <span class='ocrx_word' id='word_1_6' title='bbox 308 451 462 503; x_wconf 88' lang='lat' dir='ltr'>Musarum.</span> <span class='ocrx_word' id='word_1_7' title='bbox 478 479 514 491; x_wconf 94' lang='lat'>-</span> <span class='ocrx_word' id='word_1_8' title='bbox 540 458 596 511; x_wconf 63' lang='grc'>66.</span> <span class='ocrx_word' id='word_1_9' title='bbox 618 452 703 518; x_wconf 76' lang='lat' dir='ltr'>Viro,·</span> <span class='ocrx_word' id='word_1_10' title='bbox 728 453 817 506; x_wconf 89' lang='lat' dir='ltr'>Gallo.</span> <span class='ocrx_word' id='word_1_11' title='bbox 852 452 955 506; x_wconf 79' lang='lat' dir='ltr'><em>Phoebi</em></span> <span class='ocrx_word' id='word_1_12' title='bbox 979 451 1099 519; x_wconf 59' lang='lat' dir='ltr'>tharim</span> 
     </span>
     <span class='ocr_line' id='line_1_3' title="bbox 61 520 1099 589; baseline 0.001 -15"><span class='ocrx_word' id='word_1_13' title='bbox 61 525 114 575; x_wconf 71' lang='lat' dir='ltr'>ie.</span> <span class='ocrx_word' id='word_1_14' title='bbox 139 520 261 585; x_wconf 71' lang='lat' dir='ltr'>musae]</span> <span class='ocrx_word' id='word_1_15' title='bbox 296 522 507 587; x_wconf 78' lang='lat' dir='ltr'>Assurrercrir3</span> <span class='ocrx_word' id='word_1_16' title='bbox 532 520 550 571; x_wconf 89' lang='lat' dir='ltr'>i.</span> <span class='ocrx_word' id='word_1_17' title='bbox 569 541 607 588; x_wconf 85' lang='lat' dir='ltr'>e.,</span> <span class='ocrx_word' id='word_1_18' title='bbox 629 524 766 574; x_wconf 79' lang='lat' dir='ltr'>honorem</span> <span class='ocrx_word' id='word_1_19' title='bbox 790 523 959 589; x_wconf 80' lang='lat' dir='ltr'><strong>praebuerit.</strong></span> <span class='ocrx_word' id='word_1_20' title='bbox 1000 523 1037 573; x_wconf 90' lang='lat' dir='ltr'>Ut</span> <span class='ocrx_word' id='word_1_21' title='bbox 1054 521 1099 589; x_wconf 91' lang='lat' dir='ltr'>(G.</span> 
     </span>
     <span class='ocr_line' id='line_1_4' title="bbox 64 589 1102 658; baseline 0.004 -19"><span class='ocrx_word' id='word_1_22' title='bbox 64 601 91 656; x_wconf 79' lang='lat'>2,</span> <span class='ocrx_word' id='word_1_23' title='bbox 107 590 179 652; x_wconf 81' lang='lat'><strong>88.):</strong></span> <span class='ocrx_word' id='word_1_24' title='bbox 206 589 325 640; x_wconf 85' lang='lat' dir='ltr'>Tmolus</span> <span class='ocrx_word' id='word_1_25' title='bbox 351 593 490 657; x_wconf 79' lang='lat' dir='ltr'><em>assurgit,</em></span> <span class='ocrx_word' id='word_1_26' title='bbox 514 593 617 656; x_wconf 79' lang='lat' dir='ltr'>quibus</span> <span class='ocrx_word' id='word_1_27' title='bbox 643 604 668 641; x_wconf 80' lang='lat' dir='ltr'>et</span> <span class='ocrx_word' id='word_1_28' title='bbox 693 609 740 641; x_wconf 78' lang='lat' dir='ltr'>rex</span> <span class='ocrx_word' id='word_1_29' title='bbox 766 593 825 657; x_wconf 80' lang='lat' dir='ltr'>ipse</span> <span class='ocrx_word' id='word_1_30' title='bbox 850 591 984 642; x_wconf 78' lang='lat' dir='ltr'>Pheneos.</span> <span class='ocrx_word' id='word_1_31' title='bbox 1024 592 1044 641; x_wconf 93' lang='lat' dir='ltr'>I.</span> <span class='ocrx_word' id='word_1_32' title='bbox 1061 609 1102 658; x_wconf 84' lang='lat' dir='ltr'>e.,</span> 
     </span>
     <span class='ocr_line' id='line_1_5' title="bbox 9 654 1148 730; baseline 0.002 -20"><span class='ocrx_word' id='word_1_33' title='bbox 9 654 12 682; x_wconf 76' lang='lat'>²</span> <span class='ocrx_word' id='word_1_34' title='bbox 66 658 138 711; x_wconf 82' lang='lat' dir='ltr'>cedit</span> <span class='ocrx_word' id='word_1_35' title='bbox 158 686 197 696; x_wconf 93' lang='lat'>—</span> <span class='ocrx_word' id='word_1_36' title='bbox 232 665 275 717; x_wconf 82' lang='lat'>67.</span> <span class='ocrx_word' id='word_1_37' title='bbox 296 658 331 708; x_wconf 85' lang='lat' dir='ltr'>Ur</span> <span class='ocrx_word' id='word_1_38' title='bbox 348 657 458 722; x_wconf 84' lang='lat' dir='ltr'>Linus,-</span> <span class='ocrx_word' id='word_1_39' title='bbox 482 660 614 726; x_wconf 81' lang='lat' dir='ltr'><strong>Apollinis</strong></span> <span class='ocrx_word' id='word_1_40' title='bbox 631 660 717 711; x_wconf 80' lang='lat' dir='ltr'>lilius:</span> <span class='ocrx_word' id='word_1_41' title='bbox 743 677 827 727; x_wconf 85' lang='lat' dir='ltr'>quem</span> <span class='ocrx_word' id='word_1_42' title='bbox 851 677 935 730; x_wconf 85' lang='lat' dir='ltr'>supra</span> <span class='ocrx_word' id='word_1_43' title='bbox 957 672 1101 723; x_wconf 77' lang='lat' dir='ltr'>memora·</span> <span class='ocrx_word' id='word_1_44' title='bbox 1142 666 1148 684; x_wconf 82' lang='lat'>¹</span> 
     </span>
     <span class='ocr_line' id='line_1_6' title="bbox 9 727 1100 795; baseline 0.002 -17"><span class='ocrx_word' id='word_1_45' title='bbox 9 730 11 737; x_wconf 89' lang='lat'>&#39;</span> <span class='ocrx_word' id='word_1_46' title='bbox 65 728 104 778; x_wconf 83' lang='lat' dir='ltr'>rit</span> <span class='ocrx_word' id='word_1_47' title='bbox 140 727 354 795; x_wconf 80' lang='lat' dir='ltr'>[Ordo=autem</span> <span class='ocrx_word' id='word_1_48' title='bbox 373 735 427 779; x_wconf 85' lang='lat' dir='ltr'>est:</span> <span class='ocrx_word' id='word_1_49' title='bbox 449 729 519 789; x_wconf 80' lang='lat' dir='ltr'>haec</span> <span class='ocrx_word' id='word_1_50' title='bbox 542 728 582 778; x_wconf 81' lang='lat' dir='ltr'>illi</span> <span class='ocrx_word' id='word_1_51' title='bbox 605 736 636 778; x_wconf 90' lang='lat' dir='ltr'>ut</span> <span class='ocrx_word' id='word_1_52' title='bbox 651 729 736 779; x_wconf 84' lang='lat' dir='ltr'><strong>Linus</strong></span> <span class='ocrx_word' id='word_1_53' title='bbox 760 728 876 792; x_wconf 84' lang='lat' dir='ltr'>dixerit]</span> <span class='ocrx_word' id='word_1_54' title='bbox 910 729 1019 780; x_wconf 84' lang='lat' dir='ltr'>Divino</span> <span class='ocrx_word' id='word_1_55' title='bbox 1038 745 1100 780; x_wconf 84' lang='lat' dir='ltr'>aar·</span> 
     </span>
     <span class='ocr_line' id='line_1_7' title="bbox 61 796 1102 866; baseline 0.003 -20"><span class='ocrx_word' id='word_1_56' title='bbox 61 798 153 860; x_wconf 80' lang='lat' dir='ltr'>&#39;mine;</span> <span class='ocrx_word' id='word_1_57' title='bbox 179 796 199 848; x_wconf 88' lang='lat' dir='ltr'>i.</span> <span class='ocrx_word' id='word_1_58' title='bbox 217 814 243 847; x_wconf 84' lang='lat' dir='ltr'>e.</span> <span class='ocrx_word' id='word_1_59' title='bbox 266 797 431 861; x_wconf 76' lang='lat' dir='ltr'>vaticinans,</span> <span class='ocrx_word' id='word_1_60' title='bbox 454 796 513 864; x_wconf 87' lang='lat' dir='ltr'>[qui</span> <span class='ocrx_word' id='word_1_61' title='bbox 534 797 626 849; x_wconf 89' lang='lat' dir='ltr'>divina</span> <span class='ocrx_word' id='word_1_62' title='bbox 649 798 773 849; x_wconf 78' lang='lat' dir='ltr'><strong>canebat.</strong></span> <span class='ocrx_word' id='word_1_63' title='bbox 809 797 924 863; x_wconf 85' lang='lat' dir='ltr'>Pastor,-</span> <span class='ocrx_word' id='word_1_64' title='bbox 949 798 1102 866; x_wconf 88' lang='lat' dir='ltr'>quaeritur,</span> 
     </span>
     <span class='ocr_line' id='line_1_8' title="bbox 9 864 1101 937; baseline 0.003 -21"><span class='ocrx_word' id='word_1_65' title='bbox 9 866 10 871; x_wconf 73' lang='grc'>’</span> <span class='ocrx_word' id='word_1_66' title='bbox 65 882 110 916; x_wconf 85' lang='lat' dir='ltr'>car</span> <span class='ocrx_word' id='word_1_67' title='bbox 128 877 231 930; x_wconf 84' lang='lat' dir='ltr'>postor</span> <span class='ocrx_word' id='word_1_68' title='bbox 249 865 361 929; x_wconf 73' lang='lat' dir='ltr'>dixerit,</span> <span class='ocrx_word' id='word_1_69' title='bbox 384 864 437 915; x_wconf 90' lang='lat' dir='ltr'>nisi</span> <span class='ocrx_word' id='word_1_70' title='bbox 454 869 526 917; x_wconf 80' lang='lat' dir='ltr'>sorte</span> <span class='ocrx_word' id='word_1_71' title='bbox 545 866 618 932; x_wconf 88' lang='lat' dir='ltr'>quod</span> <span class='ocrx_word' id='word_1_72' title='bbox 635 883 664 917; x_wconf 90' lang='lat' dir='ltr'>se</span> <span class='ocrx_word' id='word_1_73' title='bbox 681 871 762 933; x_wconf 77' lang='lat' dir='ltr'>poc&#39;ta</span> <span class='ocrx_word' id='word_1_74' title='bbox 780 866 830 917; x_wconf 92' lang='lat' dir='ltr'>sub</span> <span class='ocrx_word' id='word_1_75' title='bbox 849 867 964 937; x_wconf 89' lang='lat' dir='ltr'>pastoris</span> <span class='ocrx_word' id='word_1_76' title='bbox 981 882 1101 935; x_wconf 82' lang='lat' dir='ltr'>persona</span> 
     </span>
     <span class='ocr_line' id='line_1_9' title="bbox 9 933 1102 1004; baseline 0.001 -19"><span class='ocrx_word' id='word_1_77' title='bbox 9 934 11 942; x_wconf 81' lang='grc'><em>’</em></span> <span class='ocrx_word' id='word_1_78' title='bbox 64 933 227 986; x_wconf 79' lang='lat' dir='ltr'>inducit—</span> <span class='ocrx_word' id='word_1_79' title='bbox 262 940 306 991; x_wconf 83' lang='grc'>68.</span> <span class='ocrx_word' id='word_1_80' title='bbox 327 936 416 1001; x_wconf 75' lang='lat' dir='ltr'>Atque</span> <span class='ocrx_word' id='word_1_81' title='bbox 433 936 515 1001; x_wconf 85' lang='lat' dir='ltr'>apia,-</span> <span class='ocrx_word' id='word_1_82' title='bbox 532 935 607 1000; x_wconf 85' lang='lat' dir='ltr'>apud</span> <span class='ocrx_word' id='word_1_83' title='bbox 623 936 749 1002; x_wconf 88' lang='lat' dir='ltr'>antiquos</span> <span class='ocrx_word' id='word_1_84' title='bbox 765 934 795 986; x_wconf 91' lang='lat' dir='ltr'>in</span> <span class='ocrx_word' id='word_1_85' title='bbox 813 951 902 1002; x_wconf 83' lang='lat' dir='ltr'>agone</span> <span class='ocrx_word' id='word_1_86' title='bbox 921 943 981 987; x_wconf 84' lang='lat' dir='ltr'>erat</span> <span class='ocrx_word' id='word_1_87' title='bbox 998 934 1102 1004; x_wconf 79' lang='lat' dir='ltr'>specics</span> 
     </span>
     <span class='ocr_line' id='line_1_10' title="bbox 9 1001 1103 1072; baseline 0.003 -20"><span class='ocrx_word' id='word_1_88' title='bbox 9 1014 11 1021; x_wconf 46' lang='lat'>⁸</span> <span class='ocrx_word' id='word_1_89' title='bbox 65 1018 183 1053; x_wconf 88' lang='lat' dir='ltr'>coronae</span> <span class='ocrx_word' id='word_1_90' title='bbox 202 1001 239 1053; x_wconf 90' lang='lat' dir='ltr'>de</span> <span class='ocrx_word' id='word_1_91' title='bbox 255 1003 336 1070; x_wconf 76' lang='lat' dir='ltr'>apio,</span> <span class='ocrx_word' id='word_1_92' title='bbox 361 1002 410 1054; x_wconf 90' lang='lat' dir='ltr'>sed</span> <span class='ocrx_word' id='word_1_93' title='bbox 431 1002 462 1053; x_wconf 88' lang='lat' dir='ltr'>in</span> <span class='ocrx_word' id='word_1_94' title='bbox 477 1018 594 1055; x_wconf 79' lang='lat' dir='ltr'>nemaeo</span> <span class='ocrx_word' id='word_1_95' title='bbox 611 1019 715 1072; x_wconf 86' lang='lat' dir='ltr'>agone,</span> <span class='ocrx_word' id='word_1_96' title='bbox 739 1005 786 1072; x_wconf 82' lang='lat' dir='ltr'>qui</span> <span class='ocrx_word' id='word_1_97' title='bbox 802 1006 831 1054; x_wconf 90' lang='lat' dir='ltr'>in</span> <span class='ocrx_word' id='word_1_98' title='bbox 849 1005 984 1055; x_wconf 84' lang='lat' dir='ltr'>honorem</span> <span class='ocrx_word' id='word_1_99' title='bbox 1001 1003 1103 1055; x_wconf 85' lang='lat' dir='ltr'>Arche·</span> 
     </span>
     <span class='ocr_line' id='line_1_11' title="bbox 64 1060 1103 1140; baseline 0.002 -18"><span class='ocrx_word' id='word_1_100' title='bbox 64 1071 134 1122; x_wconf 87' lang='lat' dir='ltr'>mori</span> <span class='ocrx_word' id='word_1_101' title='bbox 157 1070 301 1121; x_wconf 88' lang='lat' dir='ltr'>institutus</span> <span class='ocrx_word' id='word_1_102' title='bbox 319 1079 373 1132; x_wconf 81' lang='lat' dir='ltr'>est3</span> <span class='ocrx_word' id='word_1_103' title='bbox 396 1077 424 1122; x_wconf 91' lang='lat' dir='ltr'>et</span> <span class='ocrx_word' id='word_1_104' title='bbox 440 1060 534 1122; x_wconf 79' lang='lat' dir='ltr'>volbnt</span> <span class='ocrx_word' id='word_1_105' title='bbox 551 1073 663 1138; x_wconf 89' lang='lat' dir='ltr'>quidam</span> <span class='ocrx_word' id='word_1_106' title='bbox 686 1072 739 1122; x_wconf 93' lang='lat' dir='ltr'>hoc</span> <span class='ocrx_word' id='word_1_107' title='bbox 763 1086 883 1125; x_wconf 83' lang='lat' dir='ltr'>coronae</span> <span class='ocrx_word' id='word_1_108' title='bbox 906 1072 1044 1140; x_wconf 75' lang='lat' dir='ltr'>genus&#39;ad</span> <span class='ocrx_word' id='word_1_109' title='bbox 1060 1072 1103 1124; x_wconf 88' lang='lat' dir='ltr'>in-</span> 
     </span>
     <span class='ocr_line' id='line_1_12' title="bbox 65 1138 1112 1208; baseline 0.003 -18"><span class='ocrx_word' id='word_1_110' title='bbox 65 1140 167 1190; x_wconf 89' lang='lat' dir='ltr'>dicium</span> <span class='ocrx_word' id='word_1_111' title='bbox 192 1138 293 1190; x_wconf 84' lang='lat' dir='ltr'>mortis</span> <span class='ocrx_word' id='word_1_112' title='bbox 317 1141 450 1202; x_wconf 83' lang='lat' dir='ltr'>electum,</span> <span class='ocrx_word' id='word_1_113' title='bbox 472 1149 520 1191; x_wconf 88' lang='lat' dir='ltr'>aut</span> <span class='ocrx_word' id='word_1_114' title='bbox 537 1143 610 1208; x_wconf 89' lang='lat' dir='ltr'>quod</span> <span class='ocrx_word' id='word_1_115' title='bbox 627 1141 738 1192; x_wconf 88' lang='lat' dir='ltr'>humilis</span> <span class='ocrx_word' id='word_1_116' title='bbox 755 1141 845 1192; x_wconf 89' lang='lat' dir='ltr'>herba</span> <span class='ocrx_word' id='word_1_117' title='bbox 867 1142 1050 1192; x_wconf 88' lang='lat' dir='ltr'>immaturum</span> <span class='ocrx_word' id='word_1_118' title='bbox 1067 1140 1112 1193; x_wconf 73' lang='lat' dir='ltr'>dc·</span> 
     </span>
     <span class='ocr_line' id='line_1_13' title="bbox 64 1206 1102 1278; baseline 0.002 -19"><span class='ocrx_word' id='word_1_119' title='bbox 64 1209 238 1259; x_wconf 81' lang='lat' dir='ltr'>Archemoro</span> <span class='ocrx_word' id='word_1_120' title='bbox 262 1206 368 1259; x_wconf 89' lang='lat' dir='ltr'>luctum</span> <span class='ocrx_word' id='word_1_121' title='bbox 386 1209 522 1273; x_wconf 88' lang='lat' dir='ltr'>ostendat,</span> <span class='ocrx_word' id='word_1_122' title='bbox 546 1218 593 1259; x_wconf 89' lang='lat' dir='ltr'>aut</span> <span class='ocrx_word' id='word_1_123' title='bbox 617 1210 690 1278; x_wconf 90' lang='lat' dir='ltr'>quod</span> <span class='ocrx_word' id='word_1_124' title='bbox 713 1226 795 1276; x_wconf 88' lang='lat' dir='ltr'>supra</span> <span class='ocrx_word' id='word_1_125' title='bbox 819 1210 891 1260; x_wconf 86' lang='lat' dir='ltr'>hanc</span> <span class='ocrx_word' id='word_1_126' title='bbox 915 1210 1034 1262; x_wconf 88' lang='lat' dir='ltr'>herbam</span> <span class='ocrx_word' id='word_1_127' title='bbox 1057 1225 1102 1261; x_wconf 81' lang='lat' dir='ltr'>re·</span> 
     </span>
     <span class='ocr_line' id='line_1_14' title="bbox 62 1277 1103 1347; baseline 0.001 -20"><span class='ocrx_word' id='word_1_128' title='bbox 62 1285 140 1345; x_wconf 88' lang='lat' dir='ltr'>ptans</span> <span class='ocrx_word' id='word_1_129' title='bbox 158 1293 233 1343; x_wconf 86' lang='lat' dir='ltr'>puer</span> <span class='ocrx_word' id='word_1_130' title='bbox 250 1295 268 1328; x_wconf 91' lang='lat' dir='ltr'>a</span> <span class='ocrx_word' id='word_1_131' title='bbox 285 1285 410 1346; x_wconf 81' lang='lat' dir='ltr'>serpente</span> <span class='ocrx_word' id='word_1_132' title='bbox 428 1277 559 1329; x_wconf 87' lang='lat' dir='ltr'>extinctus</span> <span class='ocrx_word' id='word_1_133' title='bbox 577 1277 617 1328; x_wconf 91' lang='lat' dir='ltr'>sit.</span> <span class='ocrx_word' id='word_1_134' title='bbox 654 1278 724 1329; x_wconf 81' lang='lat' dir='ltr'>Sane</span> <span class='ocrx_word' id='word_1_135' title='bbox 747 1280 777 1329; x_wconf 91' lang='lat' dir='ltr'>in</span> <span class='ocrx_word' id='word_1_136' title='bbox 794 1295 827 1330; x_wconf 91' lang='lat' dir='ltr'>eo</span> <span class='ocrx_word' id='word_1_137' title='bbox 845 1295 934 1345; x_wconf 79' lang='lat' dir='ltr'>agone</span> <span class='ocrx_word' id='word_1_138' title='bbox 956 1277 1103 1347; x_wconf 83' lang='lat' dir='ltr'>speciatim</span> 
     </span>
     <span class='ocr_line' id='line_1_15' title="bbox 63 1344 1103 1416; baseline 0.002 -20"><span class='ocrx_word' id='word_1_139' title='bbox 63 1344 126 1416; x_wconf 83' lang='lat' dir='ltr'>a&#39;pio</span> <span class='ocrx_word' id='word_1_140' title='bbox 143 1353 317 1397; x_wconf 76' lang='lat' dir='ltr'>coronantur</span> <span class='ocrx_word' id='word_1_141' title='bbox 334 1351 438 1415; x_wconf 80' lang='lat' dir='ltr'>poetae.</span> <span class='ocrx_word' id='word_1_142' title='bbox 458 1373 493 1383; x_wconf 91' lang='lat'><em>—</em></span> <span class='ocrx_word' id='word_1_143' title='bbox 526 1353 569 1403; x_wconf 79' lang='grc'>69.</span> <span class='ocrx_word' id='word_1_144' title='bbox 589 1347 737 1411; x_wconf 74' lang='lat' dir='ltr'>Calamos3</span> <span class='ocrx_word' id='word_1_145' title='bbox 754 1363 806 1416; x_wconf 91' lang='lat' dir='ltr'>pro</span> <span class='ocrx_word' id='word_1_146' title='bbox 823 1347 926 1413; x_wconf 86' lang='lat' dir='ltr'>fistula,</span> <span class='ocrx_word' id='word_1_147' title='bbox 943 1356 974 1397; x_wconf 89' lang='lat' dir='ltr'>ut</span> <span class='ocrx_word' id='word_1_148' title='bbox 991 1347 1059 1413; x_wconf 90' lang='lat' dir='ltr'>(Ecl.</span> <span class='ocrx_word' id='word_1_149' title='bbox 1077 1351 1103 1412; x_wconf 83' lang='lat'>5,</span> 
     </span>
     <span class='ocr_line' id='line_1_16' title="bbox 61 1412 1182 1482; baseline 0 -17"><span class='ocrx_word' id='word_1_150' title='bbox 61 1415 129 1476; x_wconf 73' lang='lat'><strong>48.):</strong></span> <span class='ocrx_word' id='word_1_151' title='bbox 147 1412 211 1481; x_wconf 77' lang='lat' dir='ltr'>Nec</span> <span class='ocrx_word' id='word_1_152' title='bbox 231 1416 351 1465; x_wconf 84' lang='lat' dir='ltr'>calamis</span> <span class='ocrx_word' id='word_1_153' title='bbox 369 1416 461 1465; x_wconf 86' lang='lat' dir='ltr'>solum</span> <span class='ocrx_word' id='word_1_154' title='bbox 479 1415 666 1480; x_wconf 78' lang='lat' dir='ltr'>aequiparas]</span> <span class='ocrx_word' id='word_1_155' title='bbox 684 1443 717 1452; x_wconf 93' lang='lat'>-</span> <span class='ocrx_word' id='word_1_156' title='bbox 752 1423 794 1472; x_wconf 89' lang='lat'>70.</span> <span class='ocrx_word' id='word_1_157' title='bbox 812 1416 930 1468; x_wconf 82' lang='lat' dir='ltr'>Ascraeo</span> <span class='ocrx_word' id='word_1_158' title='bbox 950 1426 1103 1482; x_wconf 71' lang='lat' dir='ltr'>quaranta</span> <span class='ocrx_word' id='word_1_159' title='bbox 1130 1416 1133 1422; x_wconf 85' lang='lat'>&#39;</span> <span class='ocrx_word' id='word_1_160' title='bbox 1179 1420 1182 1431; x_wconf 80' lang='lat'><strong>¹</strong></span> 
     </span>
     <span class='ocr_line' id='line_1_17' title="bbox 10 1482 1104 1556; baseline 0.002 -23"><span class='ocrx_word' id='word_1_161' title='bbox 10 1510 13 1527; x_wconf 78' lang='grc' dir='ltr'>ι</span> <span class='ocrx_word' id='word_1_162' title='bbox 62 1485 140 1546; x_wconf 84' lang='lat' dir='ltr'>seni,-</span> <span class='ocrx_word' id='word_1_163' title='bbox 159 1482 291 1547; x_wconf 82' lang='lat' dir='ltr'>Hesiodo,</span> <span class='ocrx_word' id='word_1_164' title='bbox 308 1484 355 1550; x_wconf 87' lang='lat' dir='ltr'>qui</span> <span class='ocrx_word' id='word_1_165' title='bbox 368 1485 499 1540; x_wconf 84' lang='lat' dir='ltr'>Ascraeus</span> <span class='ocrx_word' id='word_1_166' title='bbox 515 1488 606 1535; x_wconf 83' lang='lat' dir='ltr'>t&#39;uerat</span> <span class='ocrx_word' id='word_1_167' title='bbox 622 1488 667 1552; x_wconf 87' lang='lat' dir='ltr'>[de</span> <span class='ocrx_word' id='word_1_168' title='bbox 681 1485 739 1535; x_wconf 80' lang='lat' dir='ltr'>vico</span> <span class='ocrx_word' id='word_1_169' title='bbox 752 1483 892 1551; x_wconf 84' lang='lat' dir='ltr'>Boeotiae]</span> <span class='ocrx_word' id='word_1_170' title='bbox 911 1503 995 1556; x_wconf 81' lang='lat' dir='ltr'>quem</span> <span class='ocrx_word' id='word_1_171' title='bbox 1009 1485 1104 1535; x_wconf 88' lang='lat' dir='ltr'>dicuu-</span> 
     </span>
     <span class='ocr_line' id='line_1_18' title="bbox 10 1551 1103 1624; baseline -0.001 -21"><span class='ocrx_word' id='word_1_172' title='bbox 10 1568 13 1577; x_wconf 81' lang='grc'><strong>’</strong></span> <span class='ocrx_word' id='word_1_173' title='bbox 59 1559 105 1603; x_wconf 81' lang='lat' dir='ltr'>tur</span> <span class='ocrx_word' id='word_1_174' title='bbox 123 1551 227 1603; x_wconf 90' lang='lat' dir='ltr'>Musae</span> <span class='ocrx_word' id='word_1_175' title='bbox 245 1555 415 1620; x_wconf 83' lang='lat' dir='ltr'>[pascentem</span> <span class='ocrx_word' id='word_1_176' title='bbox 432 1554 527 1620; x_wconf 87' lang='lat' dir='ltr'>pecus]</span> <span class='ocrx_word' id='word_1_177' title='bbox 543 1561 655 1622; x_wconf 89' lang='lat' dir='ltr'>raptum</span> <span class='ocrx_word' id='word_1_178' title='bbox 672 1555 705 1606; x_wconf 92' lang='lat' dir='ltr'>de</span> <span class='ocrx_word' id='word_1_179' title='bbox 722 1562 818 1605; x_wconf 89' lang='lat' dir='ltr'>monte</span> <span class='ocrx_word' id='word_1_180' title='bbox 833 1555 967 1606; x_wconf 76' lang='lat' dir='ltr'>Parnasso</span> <span class='ocrx_word' id='word_1_181' title='bbox 989 1559 1103 1624; x_wconf 69' lang='lat' dir='ltr'>poetam</span> 
     </span>
     <span class='ocr_line' id='line_1_19' title="bbox 59 1621 1103 1692; baseline 0.001 -19"><span class='ocrx_word' id='word_1_182' title='bbox 59 1621 161 1673; x_wconf 81' lang='lat' dir='ltr'>iecisse</span> <span class='ocrx_word' id='word_1_183' title='bbox 188 1637 307 1673; x_wconf 90' lang='lat' dir='ltr'>munere</span> <span class='ocrx_word' id='word_1_184' title='bbox 329 1622 507 1672; x_wconf 80' lang='lat' dir='ltr'>calamorum.</span> <span class='ocrx_word' id='word_1_185' title='bbox 528 1677 533 1687; x_wconf 50' lang='grc'><em>,</em></span> <span class='ocrx_word' id='word_1_186' title='bbox 553 1623 624 1690; x_wconf 89' lang='lat' dir='ltr'>[Cui</span> <span class='ocrx_word' id='word_1_187' title='bbox 649 1625 734 1675; x_wconf 86' lang='lat' dir='ltr'>etiam</span> <span class='ocrx_word' id='word_1_188' title='bbox 765 1623 807 1673; x_wconf 92' lang='lat' dir='ltr'>bis</span> <span class='ocrx_word' id='word_1_189' title='bbox 830 1625 979 1692; x_wconf 89' lang='lat' dir='ltr'>pueritiam</span> <span class='ocrx_word' id='word_1_190' title='bbox 1002 1623 1036 1675; x_wconf 90' lang='lat' dir='ltr'>de</span> <span class='ocrx_word' id='word_1_191' title='bbox 1060 1638 1103 1674; x_wconf 89' lang='lat' dir='ltr'>se·</span> 
     </span>
     <span class='ocr_line' id='line_1_20' title="bbox 60 1687 1103 1759; baseline 0.003 -18"><span class='ocrx_word' id='word_1_192' title='bbox 60 1696 178 1741; x_wconf 87' lang='lat' dir='ltr'>nectute</span> <span class='ocrx_word' id='word_1_193' title='bbox 195 1687 364 1759; x_wconf 84' lang='lat' dir='ltr'>praestitisse</span> <span class='ocrx_word' id='word_1_194' title='bbox 380 1691 518 1742; x_wconf 87' lang='lat' dir='ltr'>dicuntur.</span> <span class='ocrx_word' id='word_1_195' title='bbox 555 1692 619 1742; x_wconf 87' lang='lat' dir='ltr'>Ideo</span> <span class='ocrx_word' id='word_1_196' title='bbox 637 1692 690 1757; x_wconf 88' lang='lat' dir='ltr'>ait,</span> <span class='ocrx_word' id='word_1_197' title='bbox 714 1710 784 1759; x_wconf 85' lang='lat' dir='ltr'>quos</span> <span class='ocrx_word' id='word_1_198' title='bbox 802 1704 867 1742; x_wconf 81' lang='lat' dir='ltr'>cute</span> <span class='ocrx_word' id='word_1_199' title='bbox 885 1692 966 1758; x_wconf 75' lang='lat' dir='ltr'>seni]</span> <span class='ocrx_word' id='word_1_200' title='bbox 983 1717 1018 1729; x_wconf 92' lang='lat'><em>-</em></span> <span class='ocrx_word' id='word_1_201' title='bbox 1057 1699 1103 1748; x_wconf 82' lang='lat'>72·</span> 
     </span>
     <span class='ocr_line' id='line_1_21' title="bbox 61 1757 1105 1830; baseline 0.003 -22"><span class='ocrx_word' id='word_1_202' title='bbox 61 1757 197 1826; x_wconf 81' lang='lat' dir='ltr'>Grynaei</span> <span class='ocrx_word' id='word_1_203' title='bbox 222 1761 346 1810; x_wconf 81' lang='lat' dir='ltr'>nemoris</span> <span class='ocrx_word' id='word_1_204' title='bbox 365 1761 477 1809; x_wconf 83' lang='lat' dir='ltr'>dicatur</span> <span class='ocrx_word' id='word_1_205' title='bbox 502 1761 580 1825; x_wconf 83' lang='lat' dir='ltr'>origo</span> <span class='ocrx_word' id='word_1_206' title='bbox 588 1782 597 1827; x_wconf 86' lang='lat'>‚-</span> <span class='ocrx_word' id='word_1_207' title='bbox 620 1762 786 1812; x_wconf 82' lang='lat' dir='ltr'>miraculum</span> <span class='ocrx_word' id='word_1_208' title='bbox 808 1762 955 1828; x_wconf 86' lang='lat' dir='ltr'>Apollinis,</span> <span class='ocrx_word' id='word_1_209' title='bbox 977 1761 1025 1830; x_wconf 81' lang='lat' dir='ltr'>qui</span> <span class='ocrx_word' id='word_1_210' title='bbox 1047 1776 1105 1812; x_wconf 89' lang='lat' dir='ltr'>ser·</span> 
     </span>
     <span class='ocr_line' id='line_1_22' title="bbox 80 1827 1104 1896; baseline 0 -18"><span class='ocrx_word' id='word_1_211' title='bbox 80 1837 182 1879; x_wconf 90' lang='lat' dir='ltr'>entem</span> <span class='ocrx_word' id='word_1_212' title='bbox 199 1827 241 1879; x_wconf 89' lang='lat' dir='ltr'>ibi</span> <span class='ocrx_word' id='word_1_213' title='bbox 256 1828 403 1880; x_wconf 81' lang='lat' dir='ltr'>interiecit.</span> <span class='ocrx_word' id='word_1_214' title='bbox 428 1827 571 1894; x_wconf 88' lang='lat' dir='ltr'>Gryneum</span> <span class='ocrx_word' id='word_1_215' title='bbox 587 1848 685 1881; x_wconf 89' lang='lat' dir='ltr'>nemus</span> <span class='ocrx_word' id='word_1_216' title='bbox 703 1839 745 1882; x_wconf 91' lang='lat' dir='ltr'>est</span> <span class='ocrx_word' id='word_1_217' title='bbox 760 1830 789 1880; x_wconf 91' lang='lat' dir='ltr'>in</span> <span class='ocrx_word' id='word_1_218' title='bbox 807 1829 906 1882; x_wconf 83' lang='lat' dir='ltr'>finibus</span> <span class='ocrx_word' id='word_1_219' title='bbox 922 1833 1006 1882; x_wconf 87' lang='lat' dir='ltr'>Ioniis</span> <span class='ocrx_word' id='word_1_220' title='bbox 1022 1827 1104 1896; x_wconf 86' lang='lat' dir='ltr'>Apol-</span> 
     </span>
     <span class='ocr_line' id='line_1_23' title="bbox 10 1845 1104 1966; baseline 0.003 -20"><span class='ocrx_word' id='word_1_221' title='bbox 10 1924 13 1953; x_wconf 83' lang='lat'>;</span> <span class='ocrx_word' id='word_1_222' title='bbox 58 1845 112 1947; x_wconf 67' lang='lat' dir='ltr'>dni</span> <span class='ocrx_word' id='word_1_223' title='bbox 128 1899 160 1964; x_wconf 89' lang='lat' dir='ltr'>[a</span> <span class='ocrx_word' id='word_1_224' title='bbox 182 1895 364 1964; x_wconf 72' lang='lat' dir='ltr'>Grynofilia]</span> <span class='ocrx_word' id='word_1_225' title='bbox 381 1905 585 1948; x_wconf 89' lang='lat' dir='ltr'>consecratum:</span> <span class='ocrx_word' id='word_1_226' title='bbox 602 1901 656 1966; x_wconf 88' lang='lat' dir='ltr'>[vel</span> <span class='ocrx_word' id='word_1_227' title='bbox 675 1917 691 1950; x_wconf 91' lang='lat' dir='ltr'>a</span> <span class='ocrx_word' id='word_1_228' title='bbox 706 1899 826 1965; x_wconf 89' lang='lat' dir='ltr'>Grynia,</span> <span class='ocrx_word' id='word_1_229' title='bbox 842 1899 967 1951; x_wconf 86' lang='lat' dir='ltr'>Moesiae</span> <span class='ocrx_word' id='word_1_230' title='bbox 986 1899 1104 1962; x_wconf 86' lang='lat' dir='ltr'>civitate,</span> 
     </span>
     <span class='ocr_line' id='line_1_24' title="bbox 10 1965 1103 2036; baseline 0.002 -21"><span class='ocrx_word' id='word_1_231' title='bbox 10 1982 14 1997; x_wconf 73' lang='lat'><em>*</em></span> <span class='ocrx_word' id='word_1_232' title='bbox 60 1965 112 2016; x_wconf 88' lang='lat' dir='ltr'>ubi</span> <span class='ocrx_word' id='word_1_233' title='bbox 131 1972 177 2017; x_wconf 91' lang='lat' dir='ltr'>est</span> <span class='ocrx_word' id='word_1_234' title='bbox 193 1965 269 2016; x_wconf 83' lang='lat' dir='ltr'>locus</span> <span class='ocrx_word' id='word_1_235' title='bbox 286 1965 431 2016; x_wconf 88' lang='lat' dir='ltr'>arboribus</span> <span class='ocrx_word' id='word_1_236' title='bbox 447 1966 553 2029; x_wconf 90' lang='lat' dir='ltr'>multis,</span> <span class='ocrx_word' id='word_1_237' title='bbox 569 1965 666 2031; x_wconf 87' lang='lat' dir='ltr'>iunco,</span> <span class='ocrx_word' id='word_1_238' title='bbox 684 1968 818 2035; x_wconf 78' lang='lat' dir='ltr'>granune,</span> <span class='ocrx_word' id='word_1_239' title='bbox 835 1969 1005 2036; x_wconf 84' lang='lat' dir='ltr'>floribusque</span> <span class='ocrx_word' id='word_1_240' title='bbox 1022 1966 1103 2017; x_wconf 85' lang='lat' dir='ltr'>variis</span> 
     </span>
     <span class='ocr_line' id='line_1_25' title="bbox 61 2034 1166 2104; baseline 0.002 -21"><span class='ocrx_word' id='word_1_241' title='bbox 61 2034 144 2084; x_wconf 91' lang='lat' dir='ltr'>omni</span> <span class='ocrx_word' id='word_1_242' title='bbox 169 2041 299 2100; x_wconf 87' lang='lat' dir='ltr'>tempore</span> <span class='ocrx_word' id='word_1_243' title='bbox 321 2035 445 2098; x_wconf 86' lang='lat' dir='ltr'>vestitus,</span> <span class='ocrx_word' id='word_1_244' title='bbox 476 2034 618 2084; x_wconf 88' lang='lat' dir='ltr'>abundans</span> <span class='ocrx_word' id='word_1_245' title='bbox 641 2039 726 2088; x_wconf 78' lang='lat' dir='ltr'>etiam</span> <span class='ocrx_word' id='word_1_246' title='bbox 750 2038 886 2099; x_wconf 79' lang='lat' dir='ltr'>fontibus,</span> <span class='ocrx_word' id='word_1_247' title='bbox 913 2054 983 2104; x_wconf 90' lang='lat' dir='ltr'>quae</span> <span class='ocrx_word' id='word_1_248' title='bbox 1009 2036 1103 2086; x_wconf 82' lang='lat' dir='ltr'>civitas</span> <span class='ocrx_word' id='word_1_249' title='bbox 1159 2040 1166 2057; x_wconf 86' lang='lat'>¹</span> 
     </span>
     <span class='ocr_line' id='line_1_26' title="bbox 10 2102 1105 2173; baseline -0.003 -18"><span class='ocrx_word' id='word_1_250' title='bbox 10 2104 12 2159; x_wconf 67' lang='grc' dir='ltr'><strong>ἲ</strong></span> <span class='ocrx_word' id='word_1_251' title='bbox 59 2119 171 2155; x_wconf 85' lang='lat' dir='ltr'>nomen</span> <span class='ocrx_word' id='word_1_252' title='bbox 190 2105 329 2172; x_wconf 82' lang='lat' dir='ltr'>accepite</span> <span class='ocrx_word' id='word_1_253' title='bbox 348 2102 458 2170; x_wconf 82' lang='lat' dir='ltr'>Gryno,</span> <span class='ocrx_word' id='word_1_254' title='bbox 481 2103 611 2172; x_wconf 88' lang='lat' dir='ltr'>Eurypyli</span> <span class='ocrx_word' id='word_1_255' title='bbox 628 2105 699 2171; x_wconf 80' lang='lat' dir='ltr'>filio,</span> <span class='ocrx_word' id='word_1_256' title='bbox 722 2108 770 2173; x_wconf 92' lang='lat' dir='ltr'>qui</span> <span class='ocrx_word' id='word_1_257' title='bbox 792 2105 917 2172; x_wconf 81' lang='lat' dir='ltr'>regnavit</span> <span class='ocrx_word' id='word_1_258' title='bbox 941 2106 970 2156; x_wconf 91' lang='lat' dir='ltr'>in</span> <span class='ocrx_word' id='word_1_259' title='bbox 987 2103 1105 2169; x_wconf 86' lang='lat' dir='ltr'>Moesia,</span> 
     </span>
     <span class='ocr_line' id='line_1_27' title="bbox 10 2170 1103 2241; baseline 0 -18"><span class='ocrx_word' id='word_1_260' title='bbox 10 2180 13 2223; x_wconf 75' lang='grc' dir='ltr'>ἑ</span> <span class='ocrx_word' id='word_1_261' title='bbox 61 2171 112 2239; x_wconf 86' lang='lat' dir='ltr'>qui</span> <span class='ocrx_word' id='word_1_262' title='bbox 129 2171 262 2223; x_wconf 87' lang='lat' dir='ltr'>adversus</span> <span class='ocrx_word' id='word_1_263' title='bbox 280 2170 415 2222; x_wconf 88' lang='lat' dir='ltr'>Troianos</span> <span class='ocrx_word' id='word_1_264' title='bbox 433 2171 547 2222; x_wconf 85' lang='lat' dir='ltr'>Graecis</span> <span class='ocrx_word' id='word_1_265' title='bbox 564 2173 694 2224; x_wconf 85' lang='lat' dir='ltr'>auxilium</span> <span class='ocrx_word' id='word_1_266' title='bbox 711 2174 780 2226; x_wconf 89' lang='lat' dir='ltr'>tulit.</span> <span class='ocrx_word' id='word_1_267' title='bbox 812 2174 965 2241; x_wconf 80' lang='lat' dir='ltr'>Eurypylus</span> <span class='ocrx_word' id='word_1_268' title='bbox 981 2187 1103 2238; x_wconf 86' lang='lat' dir='ltr'>namque</span> 
     </span>
     <span class='ocr_line' id='line_1_28' title="bbox 60 2239 1104 2309; baseline -0.002 -18"><span class='ocrx_word' id='word_1_269' title='bbox 60 2240 135 2292; x_wconf 81' lang='lat' dir='ltr'>iilius</span> <span class='ocrx_word' id='word_1_270' title='bbox 153 2240 289 2309; x_wconf 82' lang='lat' dir='ltr'>Telephi,</span> <span class='ocrx_word' id='word_1_271' title='bbox 311 2239 436 2291; x_wconf 86' lang='lat' dir='ltr'>Herculis</span> <span class='ocrx_word' id='word_1_272' title='bbox 461 2247 488 2290; x_wconf 91' lang='lat' dir='ltr'>et</span> <span class='ocrx_word' id='word_1_273' title='bbox 505 2242 593 2309; x_wconf 84' lang='lat' dir='ltr'>Auges</span> <span class='ocrx_word' id='word_1_274' title='bbox 616 2241 679 2305; x_wconf 85' lang='lat' dir='ltr'>filii,</span> <span class='ocrx_word' id='word_1_275' title='bbox 702 2260 733 2293; x_wconf 81' lang='lat' dir='ltr'>ex</span> <span class='ocrx_word' id='word_1_276' title='bbox 750 2243 884 2309; x_wconf 83' lang='lat' dir='ltr'>Astyoche</span> <span class='ocrx_word' id='word_1_277' title='bbox 907 2239 1104 2293; x_wconf 85' lang='lat' dir='ltr'>Laomedontia</span> 
     </span>
     <span class='ocr_line' id='line_1_29' title="bbox 61 2308 1104 2380; baseline -0.003 -17"><span class='ocrx_word' id='word_1_278' title='bbox 61 2309 121 2362; x_wconf 82' lang='lat' dir='ltr'>filia</span> <span class='ocrx_word' id='word_1_279' title='bbox 139 2309 210 2374; x_wconf 82' lang='lat' dir='ltr'>fuit,</span> <span class='ocrx_word' id='word_1_280' title='bbox 236 2308 282 2376; x_wconf 88' lang='lat' dir='ltr'>qui</span> <span class='ocrx_word' id='word_1_281' title='bbox 300 2309 427 2376; x_wconf 88' lang='lat' dir='ltr'>Grynum</span> <span class='ocrx_word' id='word_1_282' title='bbox 451 2310 611 2376; x_wconf 87' lang='lat' dir='ltr'>procreavit.</span> <span class='ocrx_word' id='word_1_283' title='bbox 644 2311 751 2361; x_wconf 87' lang='lat' dir='ltr'>Iseum</span> <span class='ocrx_word' id='word_1_284' title='bbox 774 2311 859 2380; x_wconf 87' lang='lat' dir='ltr'>patris</span> <span class='ocrx_word' id='word_1_285' title='bbox 878 2319 1035 2379; x_wconf 82' lang='lat' dir='ltr'>occupasset</span> <span class='ocrx_word' id='word_1_286' title='bbox 1050 2309 1104 2360; x_wconf 88' lang='lat' dir='ltr'>im-</span> 
     </span>
     <span class='ocr_line' id='line_1_30' title="bbox 62 2376 1130 2448; baseline 0.001 -19"><span class='ocrx_word' id='word_1_287' title='bbox 62 2380 197 2447; x_wconf 88' lang='lat' dir='ltr'>perium,</span> <span class='ocrx_word' id='word_1_288' title='bbox 221 2385 250 2428; x_wconf 91' lang='lat' dir='ltr'>et</span> <span class='ocrx_word' id='word_1_289' title='bbox 260 2378 338 2437; x_wconf 47' lang='lat' dir='ltr'>,bello</span> <span class='ocrx_word' id='word_1_290' title='bbox 356 2395 372 2428; x_wconf 85' lang='lat' dir='ltr'>a</span> <span class='ocrx_word' id='word_1_291' title='bbox 390 2376 514 2427; x_wconf 83' lang='lat' dir='ltr'>finitimis</span> <span class='ocrx_word' id='word_1_292' title='bbox 530 2386 725 2445; x_wconf 82' lang='lat' dir='ltr'>temptaretur,</span> <span class='ocrx_word' id='word_1_293' title='bbox 743 2381 910 2447; x_wconf 84' lang='lat' dir='ltr'>Pergamum</span> <span class='ocrx_word' id='word_1_294' title='bbox 927 2377 1105 2448; x_wconf 88' lang='lat' dir='ltr'>Neoptolemi</span> <span class='ocrx_word' id='word_1_295' title='bbox 1125 2376 1130 2389; x_wconf 73' lang='grc'><em>“</em></span> 
     </span>
     <span class='ocr_line' id='line_1_31' title="bbox 62 2445 1103 2528; baseline -0.003 -28"><span class='ocrx_word' id='word_1_296' title='bbox 62 2455 94 2500; x_wconf 82' lang='lat' dir='ltr'>et</span> <span class='ocrx_word' id='word_1_297' title='bbox 109 2446 321 2499; x_wconf 85' lang='lat' dir='ltr'>Andromaches</span> <span class='ocrx_word' id='word_1_298' title='bbox 345 2445 434 2496; x_wconf 85' lang='lat' dir='ltr'>filium</span> <span class='ocrx_word' id='word_1_299' title='bbox 458 2445 494 2496; x_wconf 90' lang='lat' dir='ltr'>ad</span> <span class='ocrx_word' id='word_1_300' title='bbox 516 2448 646 2498; x_wconf 84' lang='lat' dir='ltr'>auxilium</span> <span class='ocrx_word' id='word_1_301' title='bbox 668 2449 703 2500; x_wconf 89' lang='lat' dir='ltr'>de</span> <span class='ocrx_word' id='word_1_302' title='bbox 720 2449 805 2518; x_wconf 90' lang='lat' dir='ltr'>Epiro</span> <span class='ocrx_word' id='word_1_303' title='bbox 823 2449 991 2515; x_wconf 88' lang='lat' dir='ltr'>provocavit,</span> <span class='ocrx_word' id='word_1_304' title='bbox 1014 2466 1031 2500; x_wconf 93' lang='lat' dir='ltr'>a</span> <span class='ocrx_word' id='word_1_305' title='bbox 1049 2462 1103 2528; x_wconf 66' lang='lat' dir='ltr'>quo</span> 
     </span>
     <span class='ocr_line' id='line_1_32' title="bbox 64 2514 1104 2585; baseline -0.001 -17"><span class='ocrx_word' id='word_1_306' title='bbox 64 2516 209 2579; x_wconf 78' lang='lat' dir='ltr'>defensus,</span> <span class='ocrx_word' id='word_1_307' title='bbox 224 2515 310 2565; x_wconf 85' lang='lat' dir='ltr'>victor</span> <span class='ocrx_word' id='word_1_308' title='bbox 327 2515 393 2565; x_wconf 77' lang='lat' dir='ltr'>diras</span> <span class='ocrx_word' id='word_1_309' title='bbox 410 2514 495 2567; x_wconf 90' lang='lat' dir='ltr'>urbes</span> <span class='ocrx_word' id='word_1_310' title='bbox 510 2516 639 2585; x_wconf 80' lang='lat' dir='ltr'>condidit,</span> <span class='ocrx_word' id='word_1_311' title='bbox 655 2534 739 2568; x_wconf 90' lang='lat' dir='ltr'>unam</span> <span class='ocrx_word' id='word_1_312' title='bbox 754 2519 922 2582; x_wconf 81' lang='lat' dir='ltr'>Pergamum</span> <span class='ocrx_word' id='word_1_313' title='bbox 940 2518 973 2568; x_wconf 90' lang='lat' dir='ltr'>de</span> <span class='ocrx_word' id='word_1_314' title='bbox 990 2533 1104 2568; x_wconf 83' lang='lat' dir='ltr'>nomine</span> 
     </span>
     <span class='ocr_line' id='line_1_33' title="bbox 10 2579 1105 2654; baseline 0.003 -19"><span class='ocrx_word' id='word_1_315' title='bbox 10 2620 15 2635; x_wconf 84' lang='lat'>.</span> <span class='ocrx_word' id='word_1_316' title='bbox 64 2584 209 2653; x_wconf 84' lang='lat' dir='ltr'>Pergami,</span> <span class='ocrx_word' id='word_1_317' title='bbox 227 2583 343 2635; x_wconf 88' lang='lat' dir='ltr'>alteram</span> <span class='ocrx_word' id='word_1_318' title='bbox 359 2583 495 2648; x_wconf 89' lang='lat' dir='ltr'>Grynium</span> <span class='ocrx_word' id='word_1_319' title='bbox 508 2600 539 2634; x_wconf 86' lang='lat' dir='ltr'>ex</span> <span class='ocrx_word' id='word_1_320' title='bbox 551 2601 680 2654; x_wconf 89' lang='lat' dir='ltr'>responso</span> <span class='ocrx_word' id='word_1_321' title='bbox 693 2579 835 2653; x_wconf 82' lang='lat' dir='ltr'>Apollinis.</span> <span class='ocrx_word' id='word_1_322' title='bbox 870 2587 901 2636; x_wconf 90' lang='lat' dir='ltr'>ln</span> <span class='ocrx_word' id='word_1_323' title='bbox 918 2586 971 2636; x_wconf 90' lang='lat' dir='ltr'>hoc</span> <span class='ocrx_word' id='word_1_324' title='bbox 988 2601 1105 2638; x_wconf 82' lang='lat' dir='ltr'>nemore</span> 
     </span>
     <span class='ocr_line' id='line_1_34' title="bbox 64 2652 1106 2725; baseline -0.001 -20"><span class='ocrx_word' id='word_1_325' title='bbox 64 2654 254 2705; x_wconf 83' lang='lat' dir='ltr'>Calchantem</span> <span class='ocrx_word' id='word_1_326' title='bbox 266 2653 332 2703; x_wconf 86' lang='lat' dir='ltr'>vites</span> <span class='ocrx_word' id='word_1_327' title='bbox 343 2660 482 2704; x_wconf 86' lang='lat' dir='ltr'>serentem</span> <span class='ocrx_word' id='word_1_328' title='bbox 500 2652 612 2720; x_wconf 87' lang='lat' dir='ltr'>quidam</span> <span class='ocrx_word' id='word_1_329' title='bbox 629 2671 716 2721; x_wconf 82' lang='lat' dir='ltr'>augur</span> <span class='ocrx_word' id='word_1_330' title='bbox 733 2654 836 2704; x_wconf 90' lang='lat' dir='ltr'>vicinus</span> <span class='ocrx_word' id='word_1_331' title='bbox 853 2654 1022 2725; x_wconf 85' lang='lat' dir='ltr'>praeteriens</span> <span class='ocrx_word' id='word_1_332' title='bbox 1039 2654 1106 2705; x_wconf 82' lang='lat' dir='ltr'>dixit</span> 
     </span>
     <span class='ocr_line' id='line_1_35' title="bbox 11 2721 1105 2791; baseline -0.003 -16"><span class='ocrx_word' id='word_1_333' title='bbox 11 2730 13 2735; x_wconf 89' lang='lat'>&#39;</span> <span class='ocrx_word' id='word_1_334' title='bbox 66 2739 184 2775; x_wconf 84' lang='lat' dir='ltr'>errare:</span> <span class='ocrx_word' id='word_1_335' title='bbox 213 2737 269 2771; x_wconf 90' lang='lat' dir='ltr'>non</span> <span class='ocrx_word' id='word_1_336' title='bbox 295 2721 370 2771; x_wconf 88' lang='lat' dir='ltr'>enim</span> <span class='ocrx_word' id='word_1_337' title='bbox 393 2722 434 2770; x_wconf 86' lang='lat' dir='ltr'>fas</span> <span class='ocrx_word' id='word_1_338' title='bbox 458 2737 516 2772; x_wconf 87' lang='lat' dir='ltr'>esse</span> <span class='ocrx_word' id='word_1_339' title='bbox 539 2739 640 2772; x_wconf 91' lang='lat' dir='ltr'>novum</span> <span class='ocrx_word' id='word_1_340' title='bbox 663 2723 758 2773; x_wconf 87' lang='lat' dir='ltr'>vinum</span> <span class='ocrx_word' id='word_1_341' title='bbox 780 2723 846 2773; x_wconf 88' lang='lat' dir='ltr'>iude</span> <span class='ocrx_word' id='word_1_342' title='bbox 870 2731 994 2791; x_wconf 83' lang='lat' dir='ltr'>gustare:</span> <span class='ocrx_word' id='word_1_343' title='bbox 1025 2724 1060 2772; x_wconf 88' lang='lat' dir='ltr'>At</span> <span class='ocrx_word' id='word_1_344' title='bbox 1081 2723 1105 2773; x_wconf 90' lang='lat' dir='ltr'>is</span> 
     </span>
     <span class='ocr_line' id='line_1_36' title="bbox 65 2788 1106 2858; baseline -0.001 -17"><span class='ocrx_word' id='word_1_345' title='bbox 65 2806 156 2858; x_wconf 83' lang='lat' dir='ltr'>opere</span> <span class='ocrx_word' id='word_1_346' title='bbox 174 2789 311 2854; x_wconf 90' lang='lat' dir='ltr'>absoluto,</span> <span class='ocrx_word' id='word_1_347' title='bbox 327 2788 517 2856; x_wconf 83' lang='lat' dir='ltr'>vindemiaque</span> <span class='ocrx_word' id='word_1_348' title='bbox 534 2789 614 2855; x_wconf 86' lang='lat' dir='ltr'>facta,</span> <span class='ocrx_word' id='word_1_349' title='bbox 631 2793 746 2842; x_wconf 88' lang='lat' dir='ltr'>eumad</span> <span class='ocrx_word' id='word_1_350' title='bbox 762 2808 879 2843; x_wconf 90' lang='lat' dir='ltr'>caenam</span> <span class='ocrx_word' id='word_1_351' title='bbox 895 2791 1012 2854; x_wconf 87' lang='lat' dir='ltr'>vicinos,</span> <span class='ocrx_word' id='word_1_352' title='bbox 1029 2807 1106 2842; x_wconf 90' lang='lat' dir='ltr'>eum-</span> 
     </span>
     <span class='ocr_line' id='line_1_37' title="bbox 67 2857 1107 2930; baseline -0.001 -18"><span class='ocrx_word' id='word_1_353' title='bbox 67 2877 121 2928; x_wconf 86' lang='lat' dir='ltr'>que</span> <span class='ocrx_word' id='word_1_354' title='bbox 138 2860 236 2929; x_wconf 80' lang='lat' dir='ltr'>¹ipsum</span> <span class='ocrx_word' id='word_1_355' title='bbox 253 2873 389 2924; x_wconf 88' lang='lat' dir='ltr'>augurem</span> <span class='ocrx_word' id='word_1_356' title='bbox 405 2857 557 2923; x_wconf 89' lang='lat' dir='ltr'>invitasset,</span> <span class='ocrx_word' id='word_1_357' title='bbox 574 2860 688 2930; x_wconf 89' lang='lat' dir='ltr'>protulit</span> <span class='ocrx_word' id='word_1_358' title='bbox 704 2862 806 2923; x_wconf 86' lang='lat' dir='ltr'>vinum,</span> <span class='ocrx_word' id='word_1_359' title='bbox 823 2869 851 2913; x_wconf 88' lang='lat' dir='ltr'>et</span> <span class='ocrx_word' id='word_1_360' title='bbox 868 2876 932 2911; x_wconf 90' lang='lat' dir='ltr'>cum</span> <span class='ocrx_word' id='word_1_361' title='bbox 951 2859 1001 2910; x_wconf 88' lang='lat' dir='ltr'>diis</span> <span class='ocrx_word' id='word_1_362' title='bbox 1017 2859 1107 2912; x_wconf 88' lang='lat' dir='ltr'>libare</span> 
     </span>
     <span class='ocr_line' id='line_1_38' title="bbox 67 2925 1107 2999; baseline -0.002 -19"><span class='ocrx_word' id='word_1_363' title='bbox 67 2929 98 2980; x_wconf 88' lang='lat' dir='ltr'>in</span> <span class='ocrx_word' id='word_1_364' title='bbox 120 2930 223 2980; x_wconf 81' lang='lat' dir='ltr'>iocum</span> <span class='ocrx_word' id='word_1_365' title='bbox 240 2925 334 2991; x_wconf 86' lang='lat' dir='ltr'>vellet,</span> <span class='ocrx_word' id='word_1_366' title='bbox 357 2927 435 2992; x_wconf 84' lang='lat' dir='ltr'>dixit,</span> <span class='ocrx_word' id='word_1_367' title='bbox 458 2942 487 2976; x_wconf 88' lang='lat' dir='ltr'>se</span> <span class='ocrx_word' id='word_1_368' title='bbox 510 2942 567 2978; x_wconf 91' lang='lat' dir='ltr'>non</span> <span class='ocrx_word' id='word_1_369' title='bbox 590 2929 679 2979; x_wconf 91' lang='lat' dir='ltr'>solum</span> <span class='ocrx_word' id='word_1_370' title='bbox 702 2937 849 2999; x_wconf 87' lang='lat' dir='ltr'>poturum,</span> <span class='ocrx_word' id='word_1_371' title='bbox 873 2929 921 2981; x_wconf 88' lang='lat' dir='ltr'>sed</span> <span class='ocrx_word' id='word_1_372' title='bbox 945 2930 1030 2980; x_wconf 89' lang='lat' dir='ltr'>etiam</span> <span class='ocrx_word' id='word_1_373' title='bbox 1047 2928 1107 2979; x_wconf 90' lang='lat' dir='ltr'>Diis</span> 
     </span>
     <span class='ocr_line' id='line_1_39' title="bbox 69 2994 1108 3066; baseline 0.002 -17"><span class='ocrx_word' id='word_1_374' title='bbox 69 2999 223 3059; x_wconf 85' lang='lat' dir='ltr'>daturum,</span> <span class='ocrx_word' id='word_1_375' title='bbox 248 3004 277 3046; x_wconf 90' lang='lat' dir='ltr'>et</span> <span class='ocrx_word' id='word_1_376' title='bbox 293 2996 410 3045; x_wconf 89' lang='lat' dir='ltr'>convivis</span> <span class='ocrx_word' id='word_1_377' title='bbox 428 2994 473 3044; x_wconf 87' lang='lat' dir='ltr'>cui</span> <span class='ocrx_word' id='word_1_378' title='bbox 494 2994 541 3047; x_wconf 87' lang='lat' dir='ltr'>ille</span> <span class='ocrx_word' id='word_1_379' title='bbox 565 2999 663 3048; x_wconf 80' lang='lat' dir='ltr'>eadem</span> <span class='ocrx_word' id='word_1_380' title='bbox 680 3014 751 3064; x_wconf 84' lang='lat' dir='ltr'>quae</span> <span class='ocrx_word' id='word_1_381' title='bbox 768 3006 832 3055; x_wconf 82' lang='lat' dir='ltr'>ante</span> <span class='ocrx_word' id='word_1_382' title='bbox 850 2998 875 3048; x_wconf 87' lang='lat' dir='ltr'>ei</span> <span class='ocrx_word' id='word_1_383' title='bbox 892 2998 1046 3066; x_wconf 86' lang='lat' dir='ltr'>respondit:</span> <span class='ocrx_word' id='word_1_384' title='bbox 1071 2997 1108 3051; x_wconf 88' lang='lat' dir='ltr'>ob</span> 
     </span>
     <span class='ocr_line' id='line_1_40' title="bbox 70 3063 1137 3136; baseline 0.002 -20"><span class='ocrx_word' id='word_1_385' title='bbox 70 3065 123 3117; x_wconf 90' lang='lat' dir='ltr'>hoc</span> <span class='ocrx_word' id='word_1_386' title='bbox 143 3064 274 3115; x_wconf 89' lang='lat' dir='ltr'>deridens</span> <span class='ocrx_word' id='word_1_387' title='bbox 292 3081 357 3115; x_wconf 90' lang='lat' dir='ltr'>eum</span> <span class='ocrx_word' id='word_1_388' title='bbox 376 3063 489 3115; x_wconf 87' lang='lat' dir='ltr'>Calchas</span> <span class='ocrx_word' id='word_1_389' title='bbox 507 3065 576 3116; x_wconf 86' lang='lat' dir='ltr'>adeo</span> <span class='ocrx_word' id='word_1_390' title='bbox 600 3066 692 3116; x_wconf 89' lang='lat' dir='ltr'>ridere</span> <span class='ocrx_word' id='word_1_391' title='bbox 710 3068 815 3136; x_wconf 87' lang='lat' dir='ltr'>coepit,</span> <span class='ocrx_word' id='word_1_392' title='bbox 838 3075 869 3118; x_wconf 88' lang='lat' dir='ltr'>ut</span> <span class='ocrx_word' id='word_1_393' title='bbox 892 3074 1006 3134; x_wconf 90' lang='lat' dir='ltr'>repente</span> <span class='ocrx_word' id='word_1_394' title='bbox 1023 3066 1137 3119; x_wconf 89' lang='lat' dir='ltr'>inter·.</span> 
     </span>
     <span class='ocr_line' id='line_1_41' title="bbox 11 3132 1110 3201; baseline 0 -16"><span class='ocrx_word' id='word_1_395' title='bbox 11 3174 13 3179; x_wconf 93' lang='lat'><em>.</em></span> <span class='ocrx_word' id='word_1_396' title='bbox 70 3136 145 3186; x_wconf 90' lang='lat' dir='ltr'>cluso</span> <span class='ocrx_word' id='word_1_397' title='bbox 166 3133 268 3198; x_wconf 88' lang='lat' dir='ltr'>spiritu</span> <span class='ocrx_word' id='word_1_398' title='bbox 284 3133 413 3201; x_wconf 86' lang='lat' dir='ltr'>poculum</span> <span class='ocrx_word' id='word_1_399' title='bbox 430 3132 572 3185; x_wconf 83' lang='lat' dir='ltr'>obiiceret.</span> <span class='ocrx_word' id='word_1_400' title='bbox 606 3136 693 3184; x_wconf 90' lang='lat' dir='ltr'>Varro</span> <span class='ocrx_word' id='word_1_401' title='bbox 719 3136 757 3186; x_wconf 90' lang='lat' dir='ltr'>ait</span> <span class='ocrx_word' id='word_1_402' title='bbox 774 3136 869 3189; x_wconf 81' lang='lat' dir='ltr'>vincla</span> <span class='ocrx_word' id='word_1_403' title='bbox 888 3135 998 3187; x_wconf 80' lang='lat' dir='ltr'>detrahi</span> <span class='ocrx_word' id='word_1_404' title='bbox 1016 3137 1110 3201; x_wconf 82' lang='lat' dir='ltr'>solita,</span> 
     </span>
     <span class='ocr_line' id='line_1_42' title="bbox 71 3201 1110 3271; baseline 0.001 -16"><span class='ocrx_word' id='word_1_405' title='bbox 71 3203 90 3255; x_wconf 90' lang='lat' dir='ltr'>i.</span> <span class='ocrx_word' id='word_1_406' title='bbox 113 3221 139 3255; x_wconf 87' lang='lat' dir='ltr'>e.</span> <span class='ocrx_word' id='word_1_407' title='bbox 165 3201 313 3270; x_wconf 87' lang='lat' dir='ltr'>compedes</span> <span class='ocrx_word' id='word_1_408' title='bbox 343 3209 507 3267; x_wconf 87' lang='lat' dir='ltr'>catenasque</span> <span class='ocrx_word' id='word_1_409' title='bbox 533 3211 561 3253; x_wconf 90' lang='lat' dir='ltr'>et</span> <span class='ocrx_word' id='word_1_410' title='bbox 584 3203 654 3268; x_wconf 89' lang='lat' dir='ltr'>alia,</span> <span class='ocrx_word' id='word_1_411' title='bbox 688 3205 735 3270; x_wconf 89' lang='lat' dir='ltr'>qui</span> <span class='ocrx_word' id='word_1_412' title='bbox 765 3206 903 3257; x_wconf 88' lang='lat' dir='ltr'>intrarunt</span> <span class='ocrx_word' id='word_1_413' title='bbox 926 3204 955 3253; x_wconf 91' lang='lat' dir='ltr'>in</span> <span class='ocrx_word' id='word_1_414' title='bbox 979 3205 1110 3271; x_wconf 90' lang='lat' dir='ltr'>Apollinis</span> 
     </span>
     <span class='ocr_line' id='line_1_43' title="bbox 72 3269 1111 3340; baseline 0.002 -17"><span class='ocrx_word' id='word_1_415' title='bbox 72 3271 184 3338; x_wconf 85' lang='lat' dir='ltr'>Grynei</span> <span class='ocrx_word' id='word_1_416' title='bbox 200 3270 295 3322; x_wconf 85' lang='lat' dir='ltr'>lucum</span> <span class='ocrx_word' id='word_1_417' title='bbox 312 3277 341 3322; x_wconf 90' lang='lat' dir='ltr'>et</span> <span class='ocrx_word' id='word_1_418' title='bbox 356 3270 408 3321; x_wconf 88' lang='lat' dir='ltr'>lixa</span> <span class='ocrx_word' id='word_1_419' title='bbox 426 3269 597 3334; x_wconf 86' lang='lat' dir='ltr'>arboribus]‚</span> <span class='ocrx_word' id='word_1_420' title='bbox 613 3273 643 3322; x_wconf 90' lang='lat' dir='ltr'>in</span> <span class='ocrx_word' id='word_1_421' title='bbox 660 3288 714 3338; x_wconf 86' lang='lat' dir='ltr'>quo</span> <span class='ocrx_word' id='word_1_422' title='bbox 732 3270 814 3340; x_wconf 91' lang='lat' dir='ltr'>[luco]</span> <span class='ocrx_word' id='word_1_423' title='bbox 831 3271 976 3339; x_wconf 89' lang='lat' dir='ltr'>aliquando</span> <span class='ocrx_word' id='word_1_424' title='bbox 995 3274 1111 3325; x_wconf 88' lang='lat' dir='ltr'>Calchas</span> 
     </span>
     <span class='ocr_line' id='line_1_44' title="bbox 75 3339 1113 3406; baseline -0.001 -13"><span class='ocrx_word' id='word_1_425' title='bbox 75 3348 102 3393; x_wconf 86' lang='lat' dir='ltr'>et</span> <span class='ocrx_word' id='word_1_426' title='bbox 118 3341 236 3405; x_wconf 91' lang='lat' dir='ltr'>Mopsus</span> <span class='ocrx_word' id='word_1_427' title='bbox 254 3339 382 3389; x_wconf 87' lang='lat' dir='ltr'>dicuntur</span> <span class='ocrx_word' id='word_1_428' title='bbox 399 3339 433 3390; x_wconf 90' lang='lat' dir='ltr'>de</span> <span class='ocrx_word' id='word_1_429' title='bbox 450 3340 550 3406; x_wconf 88' lang='lat' dir='ltr'>peritia</span> <span class='ocrx_word' id='word_1_430' title='bbox 569 3340 707 3391; x_wconf 87' lang='lat' dir='ltr'>divinandi</span> <span class='ocrx_word' id='word_1_431' title='bbox 730 3341 803 3391; x_wconf 89' lang='lat' dir='ltr'>inter</span> <span class='ocrx_word' id='word_1_432' title='bbox 826 3357 854 3392; x_wconf 91' lang='lat' dir='ltr'>se</span> <span class='ocrx_word' id='word_1_433' title='bbox 871 3341 998 3392; x_wconf 85' lang='lat' dir='ltr'>habuisse</span> <span class='ocrx_word' id='word_1_434' title='bbox 1022 3350 1113 3395; x_wconf 88' lang='lat' dir='ltr'>certa·</span> 
     </span>
     <span class='ocr_line' id='line_1_45' title="bbox 76 3406 1112 3473; baseline 0.003 -14"><span class='ocrx_word' id='word_1_435' title='bbox 76 3406 162 3460; x_wconf 88' lang='lat' dir='ltr'>mina.</span> <span class='ocrx_word' id='word_1_436' title='bbox 212 3409 248 3458; x_wconf 92' lang='lat' dir='ltr'>Et</span> <span class='ocrx_word' id='word_1_437' title='bbox 278 3423 342 3456; x_wconf 89' lang='lat' dir='ltr'>cum</span> <span class='ocrx_word' id='word_1_438' title='bbox 367 3406 400 3458; x_wconf 88' lang='lat' dir='ltr'>de</span> <span class='ocrx_word' id='word_1_439' title='bbox 430 3422 579 3473; x_wconf 87' lang='lat' dir='ltr'>pomorum</span> <span class='ocrx_word' id='word_1_440' title='bbox 610 3409 717 3458; x_wconf 88' lang='lat' dir='ltr'>arboris</span> <span class='ocrx_word' id='word_1_441' title='bbox 741 3409 882 3461; x_wconf 89' lang='lat' dir='ltr'>cuiusdam</span> <span class='ocrx_word' id='word_1_442' title='bbox 913 3412 1112 3468; x_wconf 81' lang='lat' dir='ltr'>contenderent</span> 
     </span>
     <span class='ocr_line' id='line_1_46' title="bbox 78 3475 1112 3544; baseline 0.003 -16"><span class='ocrx_word' id='word_1_443' title='bbox 78 3492 214 3540; x_wconf 86' lang='lat' dir='ltr'>numero,</span> <span class='ocrx_word' id='word_1_444' title='bbox 229 3476 305 3529; x_wconf 90' lang='lat' dir='ltr'>stetit</span> <span class='ocrx_word' id='word_1_445' title='bbox 322 3475 410 3542; x_wconf 75' lang='lat' dir='ltr'>gloria</span> <span class='ocrx_word' id='word_1_446' title='bbox 427 3476 539 3544; x_wconf 91' lang='lat' dir='ltr'>Mopso:</span> <span class='ocrx_word' id='word_1_447' title='bbox 565 3476 655 3543; x_wconf 89' lang='lat' dir='ltr'>[prae]</span> <span class='ocrx_word' id='word_1_448' title='bbox 674 3477 749 3531; x_wconf 80' lang='lat' dir='ltr'>errius</span> <span class='ocrx_word' id='word_1_449' title='bbox 766 3479 807 3529; x_wconf 83' lang='lat' dir='ltr'>rei</span> <span class='ocrx_word' id='word_1_450' title='bbox 825 3479 920 3530; x_wconf 88' lang='lat' dir='ltr'>doloro</span> <span class='ocrx_word' id='word_1_451' title='bbox 940 3478 1053 3532; x_wconf 82' lang='lat' dir='ltr'>Calchas</span> <span class='ocrx_word' id='word_1_452' title='bbox 1070 3483 1112 3533; x_wconf 84' lang='lat' dir='ltr'>in-</span> 
     </span>
     <span class='ocr_line' id='line_1_47' title="bbox 78 3544 1112 3614; baseline 0.002 -17"><span class='ocrx_word' id='word_1_453' title='bbox 78 3546 161 3597; x_wconf 78' lang='lat' dir='ltr'>teriia</span> <span class='ocrx_word' id='word_1_454' title='bbox 198 3547 257 3596; x_wconf 90' lang='lat' dir='ltr'>Hoc</span> <span class='ocrx_word' id='word_1_455' title='bbox 282 3552 375 3595; x_wconf 88' lang='lat' dir='ltr'>autem</span> <span class='ocrx_word' id='word_1_456' title='bbox 393 3544 578 3611; x_wconf 83' lang='lat' dir='ltr'>Euphorionis</span> <span class='ocrx_word' id='word_1_457' title='bbox 602 3546 744 3599; x_wconf 88' lang='lat' dir='ltr'>continent</span> <span class='ocrx_word' id='word_1_458' title='bbox 766 3547 907 3612; x_wconf 85' lang='lat' dir='ltr'>carmina,</span> <span class='ocrx_word' id='word_1_459' title='bbox 931 3564 1000 3614; x_wconf 84' lang='lat' dir='ltr'>quae</span> <span class='ocrx_word' id='word_1_460' title='bbox 1018 3549 1112 3601; x_wconf 89' lang='lat' dir='ltr'>Gallus</span> 
     </span>
     <span class='ocr_line' id='line_1_48' title="bbox 79 3613 1113 3678; baseline 0.004 -15"><span class='ocrx_word' id='word_1_461' title='bbox 79 3613 219 3665; x_wconf 87' lang='lat' dir='ltr'>transtulit</span> <span class='ocrx_word' id='word_1_462' title='bbox 233 3613 264 3664; x_wconf 86' lang='lat' dir='ltr'>in</span> <span class='ocrx_word' id='word_1_463' title='bbox 282 3629 440 3664; x_wconf 88' lang='lat' dir='ltr'>sermonem</span> <span class='ocrx_word' id='word_1_464' title='bbox 454 3613 592 3664; x_wconf 89' lang='lat' dir='ltr'>Latinum.</span> <span class='ocrx_word' id='word_1_465' title='bbox 627 3615 705 3666; x_wconf 89' lang='lat' dir='ltr'>Unde</span> <span class='ocrx_word' id='word_1_466' title='bbox 723 3622 764 3665; x_wconf 89' lang='lat' dir='ltr'>est</span> <span class='ocrx_word' id='word_1_467' title='bbox 779 3615 846 3667; x_wconf 91' lang='lat' dir='ltr'>illud</span> <span class='ocrx_word' id='word_1_468' title='bbox 863 3617 893 3667; x_wconf 89' lang='lat' dir='ltr'>in</span> <span class='ocrx_word' id='word_1_469' title='bbox 910 3614 973 3678; x_wconf 83' lang='lat' dir='ltr'>fine,</span> <span class='ocrx_word' id='word_1_470' title='bbox 991 3615 1113 3667; x_wconf 87' lang='lat' dir='ltr'>uhiGal-</span> 
     </span>
     <span class='ocr_line' id='line_1_49' title="bbox 80 3680 1112 3752; baseline 0.003 -20"><span class='ocrx_word' id='word_1_471' title='bbox 80 3681 119 3732; x_wconf 88' lang='lat' dir='ltr'>lus</span> <span class='ocrx_word' id='word_1_472' title='bbox 135 3683 259 3750; x_wconf 90' lang='lat' dir='ltr'>loquitur</span> <span class='ocrx_word' id='word_1_473' title='bbox 278 3687 341 3747; x_wconf 84' lang='lat'>(10,</span> <span class='ocrx_word' id='word_1_474' title='bbox 358 3681 424 3742; x_wconf 86' lang='lat'><strong>50.):</strong></span> <span class='ocrx_word' id='word_1_475' title='bbox 442 3682 491 3732; x_wconf 84' lang='lat' dir='ltr'>Ibo</span> <span class='ocrx_word' id='word_1_476' title='bbox 512 3695 536 3732; x_wconf 83' lang='lat' dir='ltr'>et</span> <span class='ocrx_word' id='word_1_477' title='bbox 555 3681 716 3735; x_wconf 81' lang='lat' dir='ltr'>Chalcidico</span> <span class='ocrx_word' id='word_1_478' title='bbox 736 3701 806 3752; x_wconf 82' lang='lat' dir='ltr'>quae</span> <span class='ocrx_word' id='word_1_479' title='bbox 825 3697 892 3736; x_wconf 84' lang='lat' dir='ltr'>sunt</span> <span class='ocrx_word' id='word_1_480' title='bbox 911 3680 981 3734; x_wconf 78' lang='lat' dir='ltr'>mihi</span> <span class='ocrx_word' id='word_1_481' title='bbox 1000 3686 1112 3737; x_wconf 79' lang='lat' dir='ltr'>condita</span> 
     </span>
     <span class='ocr_line' id='line_1_50' title="bbox 80 3750 1114 3819; baseline 0.005 -19"><span class='ocrx_word' id='word_1_482' title='bbox 80 3768 161 3801; x_wconf 79' lang='lat' dir='ltr'>uersu</span> <span class='ocrx_word' id='word_1_483' title='bbox 182 3751 328 3801; x_wconf 86' lang='lat' dir='ltr'>Carmina.</span> <span class='ocrx_word' id='word_1_484' title='bbox 362 3750 435 3800; x_wconf 87' lang='lat' dir='ltr'>Nam</span> <span class='ocrx_word' id='word_1_485' title='bbox 452 3751 561 3801; x_wconf 87' lang='lat' dir='ltr'>Calchis</span> <span class='ocrx_word' id='word_1_486' title='bbox 586 3752 678 3803; x_wconf 79' lang='lat' dir='ltr'>civitas</span> <span class='ocrx_word' id='word_1_487' title='bbox 696 3760 736 3807; x_wconf 84' lang='lat' dir='ltr'>est</span> <span class='ocrx_word' id='word_1_488' title='bbox 752 3753 898 3807; x_wconf 83' lang='lat' dir='ltr'>Euboeae:</span> <span class='ocrx_word' id='word_1_489' title='bbox 923 3753 958 3802; x_wconf 89' lang='lat' dir='ltr'>de</span> <span class='ocrx_word' id='word_1_490' title='bbox 975 3770 1029 3819; x_wconf 89' lang='lat' dir='ltr'>qua</span> <span class='ocrx_word' id='word_1_491' title='bbox 1053 3755 1114 3805; x_wconf 83' lang='lat' dir='ltr'>fue-</span> 
     </span>
     <span class='ocr_line' id='line_1_51' title="bbox 80 3817 1114 3888; baseline 0.003 -20"><span class='ocrx_word' id='word_1_492' title='bbox 80 3827 123 3870; x_wconf 87' lang='lat' dir='ltr'>rat</span> <span class='ocrx_word' id='word_1_493' title='bbox 139 3820 311 3887; x_wconf 91' lang='lat' dir='ltr'>Euphorion.</span> <span class='ocrx_word' id='word_1_494' title='bbox 339 3817 494 3885; x_wconf 78' lang='lat' dir='ltr'>{Dicatur3</span> <span class='ocrx_word' id='word_1_495' title='bbox 516 3820 662 3886; x_wconf 76' lang='lat' dir='ltr'>laudetur]</span> <span class='ocrx_word' id='word_1_496' title='bbox 680 3845 715 3861; x_wconf 88' lang='lat'>-</span> <span class='ocrx_word' id='word_1_497' title='bbox 748 3831 792 3882; x_wconf 84' lang='lat'>73.</span> <span class='ocrx_word' id='word_1_498' title='bbox 811 3821 853 3874; x_wconf 84' lang='lat' dir='ltr'>Ne</span> <span class='ocrx_word' id='word_1_499' title='bbox 878 3823 943 3888; x_wconf 83' lang='lat' dir='ltr'>quis</span> <span class='ocrx_word' id='word_1_500' title='bbox 969 3825 1007 3872; x_wconf 85' lang='lat' dir='ltr'>sit</span> <span class='ocrx_word' id='word_1_501' title='bbox 1031 3822 1114 3875; x_wconf 84' lang='lat' dir='ltr'>lucus</span> 
     </span>
     <span class='ocr_line' id='line_1_52' title="bbox 82 3888 1115 3954; baseline 0.005 -17"><span class='ocrx_word' id='word_1_502' title='bbox 82 3905 133 3954; x_wconf 79' lang='lat' dir='ltr'>quo</span> <span class='ocrx_word' id='word_1_503' title='bbox 153 3907 181 3939; x_wconf 80' lang='lat' dir='ltr'>se</span> <span class='ocrx_word' id='word_1_504' title='bbox 200 3889 266 3954; x_wconf 85' lang='lat' dir='ltr'>plus</span> <span class='ocrx_word' id='word_1_505' title='bbox 286 3889 368 3938; x_wconf 87' lang='lat' dir='ltr'>iactet</span> <span class='ocrx_word' id='word_1_506' title='bbox 383 3889 499 3953; x_wconf 80' lang='lat' dir='ltr'>Apollo;</span> <span class='ocrx_word' id='word_1_507' title='bbox 522 3905 615 3939; x_wconf 89' lang='lat' dir='ltr'>sensus</span> <span class='ocrx_word' id='word_1_508' title='bbox 636 3890 681 3940; x_wconf 90' lang='lat' dir='ltr'>hic</span> <span class='ocrx_word' id='word_1_509' title='bbox 707 3898 761 3942; x_wconf 89' lang='lat' dir='ltr'>est:</span> <span class='ocrx_word' id='word_1_510' title='bbox 787 3888 815 3940; x_wconf 81' lang='lat' dir='ltr'>Si</span> <span class='ocrx_word' id='word_1_511' title='bbox 838 3898 870 3940; x_wconf 87' lang='lat' dir='ltr'>tu</span> <span class='ocrx_word' id='word_1_512' title='bbox 888 3891 1032 3953; x_wconf 86' lang='lat' dir='ltr'>Gryneum</span> <span class='ocrx_word' id='word_1_513' title='bbox 1056 3889 1115 3942; x_wconf 86' lang='lat' dir='ltr'>lau·</span> 
     </span>
     <span class='ocr_line' id='line_1_53' title="bbox 82 3955 1115 4027; baseline 0.004 -22"><span class='ocrx_word' id='word_1_514' title='bbox 82 3957 185 4008; x_wconf 80' lang='lat' dir='ltr'>dareris</span> <span class='ocrx_word' id='word_1_515' title='bbox 204 3971 317 4021; x_wconf 85' lang='lat' dir='ltr'>nemus,</span> <span class='ocrx_word' id='word_1_516' title='bbox 333 3956 364 4007; x_wconf 89' lang='lat' dir='ltr'>in</span> <span class='ocrx_word' id='word_1_517' title='bbox 380 3956 455 4007; x_wconf 92' lang='lat' dir='ltr'>nullo</span> <span class='ocrx_word' id='word_1_518' title='bbox 473 3973 503 4008; x_wconf 88' lang='lat' dir='ltr'>se</span> <span class='ocrx_word' id='word_1_519' title='bbox 517 3963 627 4007; x_wconf 88' lang='lat' dir='ltr'>tantum</span> <span class='ocrx_word' id='word_1_520' title='bbox 641 3959 735 4027; x_wconf 82' lang='lat' dir='ltr'>Apollo</span> <span class='ocrx_word' id='word_1_521' title='bbox 752 3959 873 4010; x_wconf 88' lang='lat' dir='ltr'>iactabit.</span> <span class='ocrx_word' id='word_1_522' title='bbox 907 3955 984 4021; x_wconf 74' lang='lat' dir='ltr'>{Quo</span> <span class='ocrx_word' id='word_1_523' title='bbox 1003 3976 1031 4007; x_wconf 84' lang='lat' dir='ltr'>sa</span> <span class='ocrx_word' id='word_1_524' title='bbox 1049 3959 1115 4022; x_wconf 82' lang='lat' dir='ltr'>plus</span> 
     </span>
     <span class='ocr_line' id='line_1_54' title="bbox 82 4023 1117 4098; baseline 0.001 -21"><span class='ocrx_word' id='word_1_525' title='bbox 82 4026 178 4093; x_wconf 76' lang='lat' dir='ltr'>iactor,-</span> <span class='ocrx_word' id='word_1_526' title='bbox 195 4025 227 4078; x_wconf 90' lang='lat' dir='ltr'>in</span> <span class='ocrx_word' id='word_1_527' title='bbox 244 4039 300 4095; x_wconf 80' lang='lat' dir='ltr'>quo</span> <span class='ocrx_word' id='word_1_528' title='bbox 316 4023 378 4093; x_wconf 87' lang='lat' dir='ltr'>plus</span> <span class='ocrx_word' id='word_1_529' title='bbox 392 4024 527 4095; x_wconf 84' lang='lat' dir='ltr'>glorietur</span> <span class='ocrx_word' id='word_1_530' title='bbox 534 4026 674 4097; x_wconf 66' lang='lat' dir='ltr'>Atalmo,</span> <span class='ocrx_word' id='word_1_531' title='bbox 689 4027 885 4098; x_wconf 76' lang='lat' dir='ltr'>Hippomenes,</span> <span class='ocrx_word' id='word_1_532' title='bbox 901 4025 1005 4093; x_wconf 88' lang='lat' dir='ltr'>Gallus,</span> <span class='ocrx_word' id='word_1_533' title='bbox 1021 4025 1117 4095; x_wconf 87' lang='lat' dir='ltr'>Linus,</span> 
     </span>
    </p>
   </div>
   <div class='ocr_carea' id='block_1_3' title="bbox 0 0 1233 4620">
    <p class='ocr_par' dir='ltr' id='par_1_3' title="bbox 0 0 1233 4620">
     <span class='ocr_line' id='line_1_55' title="bbox 0 0 1233 4620; baseline 0 0"><span class='ocrx_word' id='word_1_534' title='bbox 0 0 1233 4620; x_wconf 95' lang='lat' dir='ltr'> </span> 
     </span>
    </p>
   </div>
  </div>
 </body>
</html>
