2430 4620
278 271 315 312 aa
341 240 499 311 VlllGlL.
522 251 677 355 recob.
700 253 760 329 ΙΙΙ,
784 257 898 322 106-
917 252 971 328 lV,
994 265 1025 327 3·
1110 263 1175 329 11⁹

124 448 197 504 reges
224 436 364 501 fuerunt,
388 437 435 491 sed
452 436 517 506 quia
533 454 633 507 regum
657 437 721 502 frui,
745 445 777 489 ut
794 439 868 501 (Aen.
885 443 917 505 6,
933 439 1005 503 28.):
1027 438 1170 508 Magnum

127 507 239 572 reginae
268 506 320 556 sed
343 508 419 557 euim
446 506 596 558 miseratus
615 525 754 559 cinerem:
778 522 843 557 cum
866 507 901 558 de
917 509 1036 562 Ariadne
1054 509 1168 576 diceret,

124 575 271 644 Pasiphaes
292 576 414 642 'reginae
436 574 502 626 filia.
543 576 613 629 Sane
638 577 720 628 multi
744 576 838 635 volunt
856 582 973 628 nominc
993 596 1089 647 regum
1113 594 1172 650 pro.

123 646 236 695 nemine
257 642 350 711 Regis
375 643 509 714 positum,
534 653 566 696 ut
587 647 623 696 sit
640 645 874 714 quemadmodum
896 644 964 697 illud
988 647 1019 698 in
1036 640 1167 700 Terentio

119 713 195 777 (Eun.
216 719 253 777 1,
274 718 308 778 1,
327 714 378 772 iti:
400 710 468 765 Nou
490 718 595 782 perpeti
618 718 791 767 meretricum
816 715 1017 777 contumeliam
1041 732 1106 767 curn
1131 715 1168 770 de

118 795 170 832 uua
187 781 368 850 loqueretur.
401 781 475 833 Nam
497 785 551 835 ‘flos
573 785 625 836 iste
642 784 789 850 Hyacinthi
812 790 936 848 tantum,
958 801 1015 834 non
1033 791 1060 836 et
1077 785 1166 837 Aiacis

118 865 223 911 acmen
255 850 372 901 retinet
405 849 514 904 Tamen
537 853 697 919 sciendum,
721 854 878 919 aeuigmata
901 852 986 916 haec,
1010 853 1080 903 sicut
1104 856 1165 907 lere
1189 902 1192 909 .

116 921 227 984 omnia,
254 934 359 971 carere
375 921 634 991 spectaculutione.
650 948 685 958 -
721 928 781 978 107.
800 919 930 987 Phyllida
951 921 1031 971 solus
1048 920 1164 988 halem

115 992 238 1040 ciuicam
258 1003 456 1050 communem
473 991 548 1058 quod
564 991 625 1061 plus
643 986 800 1058 estiuuam
817 1006 874 1041 esse
891 989 1056 1057 Apollinem.
1090 991 1165 1042 Nam

116 1073 172 1110 esse
188 1055 358 1123 Apollinem
380 1056 550 1124 impossibile
574 1067 629 1125 est,
655 1061 728 1127 quod
753 1059 800 1110 ille
823 1059 1004 1127 promiseret;
1028 1060 1075 1110 hic
1098 1075 1163 1112 vero

118 1125 262 1196 possibilia
287 1125 444 1196 pollicetur.
465 1154 502 1165 —
542 1134 603 1186 108.
627 1126 709 1191 Nem·
733 1127 780 1179 hic
803 1125 1028 1196 distinguendum
1052 1134 1108 1194 est,
1133 1136 1165 1178 ut

123 1195 154 1245 e‘n
166 1210 282 1257 sensus:
306 1193 399 1245 officii
415 1194 512 1248 iudicis
529 1205 584 1262 est,
607 1198 682 1249 ferre
699 1194 881 1262 seutentiam,
904 1212 960 1247 non
978 1211 1091 1262 eorum,
1114 1199 1181 1264 quir

125 1262 189 1314 inter
208 1280 247 1316 se
276 1263 457 1317 contendunt.
491 1265 569 1318 Unde
593 1266 667 1318 male
691 1266 805 1334 quidam
827 1271 919 1315 totum
942 1264 1075 1333 iungunt:
1098 1266 1162 1317 Noa

120 1346 248 1382 nosmsm
275 1331 352 1382 inter
375 1345 420 1382 roe
442 1340 533 1386 taum
556 1350 619 1385 com
638 1351 723 1386 onere
746 1334 813 1384 lites.
848 1333 922 1384 Nam
944 1351 1002 1385 nou
1026 1341 1110 1402 negat
1132 1350 1162 1386 se

111 1399 264 1458 ,facturum
280 1415 357 1468 esee,
373 1401 447 1468 quod
463 1403 563 1454 faciet:
580 1353 748 1455 iudicaturus
767 1402 842 1463 enim
861 1409 916 1466 est,
933 1417 980 1453 eos
997 1418 1055 1454 esse
1072 1418 1162 1470 pares,

114 1467 225 1521 diceus:
244 1469 285 1519 Et
302 1467 386 1520 vitula
403 1474 433 1520 tu
450 1471 557 1539 dignus,
574 1479 602 1524 et
617 1472 671 1523 luc.
708 1471 891 1538 Occuponere3
908 1471 997 1522 linire.
1033 1470 1069 1520 Ut
1081 1473 1158 1538 (Aea.

113 1536 259 1604 1‚.374.):
281 1537 353 1588 Ante
370 1539 444 1589 diem
462 1541 560 1592 clauso
578 1553 721 1607 componet
740 1548 834 1607 vesper
853 1540 989 1606 Olympc;
1014 1538 1031 1589 i.
1050 1556 1074 1591 e.
1098 1539 1160 1590 fini-

113 1615 147 1660 et.
162 1618 218 1645 ι--·
239 1611 307 1663 109.
323 1606 358 1656 Ee
375 1610 506 1676 quisquis
524 1628 641 1672 amares,
659 1623 709 1659 aut
727 1621 827 1660 metuet
844 1610 950 1672 dulces,
969 1620 1019 1657 aut
1036 1611 1158 1675 experie-

114 1686 164 1726 tur
181 1693 323 1739 amaron
350 1684 379 1727 et
394 1684 425 1727 tu
442 1678 532 1732 ethic
549 1680 626 1747 digni
643 1679 706 1731 estis
723 1678 821 1743 vitula,
845 1677 1045 1745 etquicunque
1062 1675 1158 1728 similis
1209 1681 1213 1690 “

112 1745 197 1796 uestri
215 1751 272 1797 est.
306 1743 383 1796 Nem·
402 1761 486 1814 supra
509 1763 579 1798 uuus
596 1746 715 1810 dixerat,
738 1747 831 1798 Triste
853 1748 932 1814 lupus
948 1745 1077 1810 stabulis,
1099 1761 1159 1796 ma·

112 1815 184 1864 turis
207 1811 342 1880 frugibus
365 1813 485 1880 imbres,
509 1815 660 1873 Arboribus
684 1816 771 1882 venti,
795 1816 876 1868 nobis
894 1814 1064 1881 Amaryllidis
1088 1815 1156 1865 irae.

112 1881 187 1934 ltem
211 1881 411 1947 alter„Dulce
437 1884 502 1936 satis
524 1884 781 1954 humor,·depulsis
803 1885 918 1936 arbutus
934 1883 1044 1945 hoedis,
1067 1881 1172 1934 Lenta.

111 1952 181 2002 salix
197 1952 280 2002 ioeto
297 1951 408 2020 pecori,
430 1953 501 2004 mihi
517 1953 588 2004 solus
605 1955 741 2022 Amyntas.
775 1954 816 2005 Ad
832 1953 908 2003 cicius
926 1951 1056 2003 amatoris
1081 1951 1156 2003 simi·

111 2018 268 2073 litudinem
292 2019 425 2086 pertinet:
450 2025 504 2073 Aut
528 2031 634 2074 metuet
658 2023 757 2074 dulces.
790 2022 918 2089 Namque
945 2019 991 2071 hic
1009 2019 1157 2084 Menalcas,

112 2097 141 2141 et
152 2087 298 2153 -amabet,
312 2096 350 2141 „et
365 2090 527 2142 amabatur:
549 2093 605 2143 sed
612 2100 744 2160 uuquam
763 2090 882 2158 prudens
898 2089 1030 2151 timebat,
1054 2106 1089 2139 ue
1107 2105 1156 2140 uu·

109 2174 200 2226 quam
219 2163 316 2227 posset
339 2172 419 2209 amor
436 2159 483 2211 ille
500 2159 615 2212 dissolvi.
650 2158 708 2229 [Et]
733 2157 830 2212 'contra
847 2159 998 2211 Damoetas
1023 2158 1155 2209 serraricu-

110 2229 212 2277 dinem
238 2225 344 2277 amoris
366 2236 491 2307 expertus
514 2230 605 2280 luerat
628 2245 659 2281 ex
684 2229 790 2283 amicae
807 2227 980 2296 Amaryllidis
1004 2226 1156 2280 iracundia.

111 2294 224 2345 Mecuec
252 2294 364 2356 dulcem
387 2297 497 2349 timebit
520 2313 571 2366 pro
598 2297 736 2360 dulcibus,
761 2315 798 2350 ne
821 2313 869 2349 eos
891 2296 1059 2367 amittatl—
1096 2303 1155 2352 111.
1177 2288 1181 2301 '

109 2363 162 2413 Sne
180 2373 268 2431 prata
287 2363 432 2428 biberunc3
450 2372 496 2416 aut
512 2366 691 2434 intelligimus
708 2365 781 2417 hunc
798 2366 898 2430 exisse,
915 2373 945 2416 ut
960 2364 1074 2416 iuberet
1090 2379 1157 2434 pue·

110 2433 149 2484 ris
177 2432 236 2483 sais
261 2439 294 2481 ut
316 2448 382 2484 arva
404 2435 568 2503 irrigarent,
598 2432 672 2502 quod
702 2434 756 2486 illis
781 2432 954 2485 cantantibus
976 2433 1082 2485 iactum
1106 2441 1155 2484 est.

111 2504 184 2564 Aut,
206 2508 240 2552 et
265 2498 477 2568 revertunt,
499 2500 572 2554 'rivos
594 2503 720 2554 claudite.
754 2505 807 2554 Aut
830 2510 905 2557 certe
929 2501 1076 2570 allegorice
1101 2501 1155 2554 hoc

110 2570 193 2622 dicit:
217 2569 283 2620 Iam
301 2575 413 2623 carnee
433 2570 556 2625 desinite.
590 2571 685 2624 Satiati
703 2572 780 2624 enim
797 2572 932 2625 audiendo
949 2585 1052 2624 sumus.

181 2705 337 2759 ECLOGA
353 2709 397 2762 lv.
431 2717 456 2766 1.
481 2709 616 2761 Sicelides
633 2708 736 2761 Musae
759 2711 845 2779 paula
871 2709 982 2759 maiam
1000 2723 1154 2768 cacumen

112 2774 225 2829 unnim
244 2774 331 2829 Pollio
348 2778 446 2830 ductor
463 2779 624 2830 Germanici
642 2781 775 2831 exercitas
792 2786 935 2848 cumpost
952 2784 1062 2847 captam
1079 2775 1154 2827 salo·

113 2861 182 2898 nam
200 2843 362 2898 Dalmatiae
384 2847 523 2900 civi-tatem
546 2850 637 2916 primo
661 2850 806 2900 exseruisset
828 2847 966 2899 lauream:
990 2852 1053 2911 past
1069 2844 1153 2896 etiam

113 2914 295 2966 consulatum
310 2913 424 2983 adeptus
440 2917 546 2968 luisset:
569 2917 668 2969 eodem
686 2933 758 2968 auno
776 2915 893 2983 suscepit
909 2914 1011 2965 tilium:
1035 2929 1119 2979 quem
1136 2930 1153 2964 a

113 2990 197 3052 capta
213 2981 327 3035 civitate
343 2983 504 3036 Saloninum
522 2987 639 3050 vocavit,
663 2986 707 3036 cui
724 3001 798 3037 nunc
815 2983 943 3050 Virgilius
960 2982 1153 3051 genethliacon

113 3051 195 3103 dicit:
222 3066 310 3118 quem
328 3061 434 3104 constat
450 3061 547 3106 natum
563 3056 654 3107 risisse
672 3056 778 3106 statim:
802 3053 876 3121 quod
892 3051 1053 3122 parentibus
1070 3066 1153 3102 omen

115 3129 156 3172 est
173 3119 360 3187 infelicitatis,
382 3132 449 3173 dam
465 3124 557 3191 ipsum
574 3139 693 3194 puerum
709 3122 808 3175 interi
842 3140 859 3175 a
875 3120 1044 3191 primordia,
1058 3119 1102 3187 [i.
1121 3138 1153 3183 e.‚

113 3205 190 3241 norro
216 3187 275 3252 die]
299 3190 402 3256 perisse
426 3193 604 3244 manifestum
628 3201 675 3242 eat.
719 3192 804 3248 Siceli
824 3209 852 3242 es
877 3191 993 3251 Musae3
1016 3187 1151 3239 Sicelides

115 3266 211 3309 entem
231 3255 376 3310 Graecum
399 3269 447 3313 est.
488 3260 561 3312 Nam
578 3255 677 3311 Latine
695 3261 858 3312 Sicilienses
881 3261 962 3324 fecit,
986 3258 1003 3309 i.
1022 3277 1045 3310 e.
1063 3257 1153 3307 Theo·

115 3328 225 3378 critiae.
259 3327 335 3379 Nam
351 3327 514 3380 Theocritus
531 3327 714 3396 Syracusanus
737 3330 804 3394 fait,
828 3343 912 3398 quem
934 3327 965 3380 in
990 3328 1043 3378 boc
1068 3341 1152 3394 opere

114 3395 246 3462 Virgilius
268 3395 409 3464 imitatur,
431 3397 601 3464 tit-diximus
624 3414 716 3464 supra.
756 3395 845 3450 Paule
871 3399 982 3449 maiora
1000 3411 1152 3458 canamus,-

116 3462 187 3517 beue
212 3467 303 3532 poulo
328 3466 402 3534 dicit.
446 3466 520 3517 Nam
544 3467 609 3518 licet
631 3466 700 3518 haec
724 3466 820 3535 ecloga
844 3466 966 3518 discedat
988 3483 1005 3517 e
1027 3463 1152 3515 bucolico

115 3535 259 3598 carmine,
283 3542 379 3587 ιιιπιειι
400 3533 499 3587 inserit
522 3536 548 3588 ei
571 3536 663 3603 alique
679 3544 743 3607 apta
762 3536 840 3607 operi
863 3539 941 3608 [ergo
959 3550 1016 3586 non
1034 3535 1153 3596 maiora,

114 3603 162 3654 sed
179 3606 269 3669 paulo
295 3602 427 3669 maiorm]
442 3630 477 3642 --
511 3613 538 3661 2.
555 3605 699 3672 Myricae;
723 3605 840 3674 virgulta
862 3613 926 3657 sunt
941 3603 1097 3656 humillima
1114 3602 1154 3667 [et

114 3673 235 3738 sterilia,
260 3673 336 3741 quod
357 3673 438 3743 vulgo
460 3673 635 3744 tamaritium
658 3674 767 3726 dicitur.
785 3701 819 3712 -
861 3682 886 3732 3.
904 3674 936 3725 Si
952 3672 1084 3723 canimus
1101 3669 1154 3719 sil-

143 3840 193 3890 109)
225 3841 323 3881 Guelil
339 3847 358 3880 et
378 3840 460 3881 amalae
475 3848 494 3880 tt
508 3840 614 3893 cupiebat,
637 3854 662 3881 ne
677 3854 723 3893 unq.
739 3847 777 3880 ese.
806 3839 873 3880 ouels.
887 3839 910 3878 11.
931 3847 950 3876 et
970 3837 1052 3877 amatas
1067 3850 1092 3875 ne
1106 3850 1153 3888 unq.

199 3898 285 3950 reliquis
300 3898 384 3938 emissis.

153 3983 181 4029 1)
215 3982 254 4019 Pro
270 3991 328 4018 omen
343 3986 373 4017 est
387 3978 445 4027 inssi.
474 3982 541 4018 nuru.
557 3980 621 4019 edidit
634 3992 692 4018 amen
707 3980 751 4027 ficis
767 3979 837 4027 »ἠως
858 3984 946 4017 nostrum
961 3983 1043 4014 trientar
1059 3974 1125 4012 unilt.
1138 3975 1153 4010 t,

199 4039 226 4077 R.
243 4038 297 4077 Voss
307 4037 376 4086 Steplr.
391 4039 443 4076 Dea.
458 4039 496 4085 el.;
510 4050 568 4075 omen
584 4046 612 4075 eu
625 4037 683 4086 sciis.
698 4038 744 4076 bib.
760 4039 781 4075 li.
798 4041 818 4074 es
833 4035 899 4076 (tuilf.
914 4032 937 4072 Il.
