2430 4620
151 278 217 343 190
417 269 556 334 sanun
579 255 938 336 couuauriuuus

980 370 986 408 Ι

190 460 220 525 ‘s,
235 457 254 510 i.
267 473 291 513 ι
309 448 511 575 sten‘lisffnam
525 456 597 507 mats
609 456 682 528 apud
695 455 840 527 Virgilium
857 474 940 577 saepe
955 475 1008 529 pro
1025 477 1084 511 non
1103 459 1187 527 signi-

201 535 269 595 t3ut
286 528 324 590 (1,
341 527 393 587 8.):
444 526 784 591 alesnnasororem.]-
820 533 878 585 106.
928 522 1187 589 eludentium,

148 606 211 671 post
227 603 476 649 commemoratam
493 596 654 664 generalem
671 595 884 664 agriculturam,
907 600 1006 650 transit
1027 600 1063 649 ad
1080 599 1186 664 speeies

148 676 177 721 et
200 666 320 718 culturas
343 665 480 716 venientes
505 680 536 715 ex
559 672 694 731 tempore.
729 665 801 715 Nam
825 682 920 730 arare,
943 668 1065 718 cinerem
1083 670 1186 730 iuuere,

147 734 297 803 incendere
314 742 459 784 aeternum
478 740 532 785 est:
556 732 677 801 irrigare
693 740 787 785 autem
804 735 914 786 nonnisi
931 736 1035 787 nimiae
1052 736 1184 785 siccitatis

146 814 202 868 est,
218 804 289 855 sicut
305 800 354 871 [et]
370 800 473 852 siccare
492 802 592 865 etiam,
610 809 657 851 aut
674 819 705 852 ex
723 804 831 867 magnis
847 803 960 870 pluviis,
977 813 1025 856 aut
1041 821 1071 854 es
1090 804 1185 854 flumi-

86 871 93 907 '·
147 875 190 928 ais
213 873 359 940 eruptione
382 871 587 937 compellimur.
622 870 713 932 Satis,
738 871 891 938 segetibus,
915 873 1138 951 agrissatis,[i.
1157 889 1181 922 e.

160 939 300 1007 eminetis]
316 955 382 991 uam
418 940 577 1008 articipimn
596 946 643 991 est.
679 939 821 1007 Rivosquae
839 956 996 1007 sequentem
1021 942 1039 992 i.
1058 958 1081 993 e.
1105 957 1183 1008 urges

145 961 207 1133 gout
228 955 417 1072 secuturos,f
432 1015 480 1058 aut
504 1017 578 1060 certe
601 1007 724 1058 rivorum
748 1016 789 1060 est
813 1009 973 1076 epitheton,
1003 1012 1103 1079 [quia,
1127 1027 1182 1076 qua

164 1080 262 1144 ureris,
278 1074 450 1146 sepiuntur]
459 1102 494 1114 -
529 1084 589 1134 107.
603 1076 728 1127 Erustus
742 1095 825 1145 ager,-
841 1078 945 1130 scilicet
957 1079 1066 1131 aestatis
1080 1079 1182 1145 calore.

145 1149 338 1203 Morientibus
360 1143 472 1209 herlis,·
495 1144 646 1198 secuudum
664 1146 874 1214 Pythagoricos,
898 1149 944 1214 qui
971 1147 1066 1199 dicunt
1088 1162 1182 1211 omne,

145 1218 220 1288 qsind
236 1219 349 1277 erescit,
366 1214 490 1267 animam
507 1213 628 1274 habere;
653 1214 730 1267 Unde
746 1223 788 1266 ost
805 1214 850 1282 (G.
867 1219 899 1279 4,
917 1217 1002 1277 330.);
1027 1218 1116 1283 Atque
1134 1218 1180 1266 in-

145 1286 239 1356 terfice
264 1300 373 1335 messes.
399 1308 434 1320 -
477 1289 537 1341 108.
561 1283 645 1347 Ecce,
670 1283 688 1334 i.
710 1302 734 1336 e.
757 1300 789 1336 ex
811 1285 968 1352 improviso.
1018 1284 1178 1352 supercilio

145 1365 254 1421 autem,
276 1350 433 1415 altitudine,
450 1352 610 1403 summitate
628 1359 776 1405 terrarum.
812 1353 875 1420 [Alii
901 1353 1046 1422 supercilia
1070 1353 1179 1405 lucain

144 1424 289 1504 obliquum
308 1420 452 1483 delineata,
469 1437 539 1486 quae
556 1437 673 1489 superne
691 1421 813 1473 habeant
830 1421 883 1472 alia
900 1422 1014 1488 fastigia.
1049 1422 1090 1472 Ex
1108 1423 1179 1473 acci-

144 1494 219 1545 dcuti
238 1493 305 1543 dicit
320 1488 453 1540 tramitis:
470 1490 594 1539 tramites
613 1498 707 1540 autem
723 1501 786 1541 suut
803 1489 954 1554 corrvalles,
971 1506 1043 1559 quas
1058 1491 1094 1542 de
1111 1491 1178 1542 late·

141 1562 219 1615 ribus
236 1562 365 1628 utrinque
403 1556 494 1609 erviae
511 1557 632 1609 limitent
648 1566 772 1624 montes,
788 1568 859 1628 quae
877 1557 965 1610 solent
981 1560 1067 1611 etiam
1084 1561 1178 1610 saltus

142 1624 307 1699 nuncupari.
342 1575 401 1677 Sed
419 1625 464 1676 hic
488 1627 629 1677 tramitem
653 1643 727 1677 nuuc
752 1644 802 1699 pro
829 1628 897 1678 valle
914 1644 946 1676 ac
963 1630 1033 1679 saltu
1050 1629 1178 1696 accipere

56 1732 59 1737 -
142 1700 290 1761 debemus,
314 1705 342 1748 et
362 1709 417 1778 pro
440 1696 601 1763 supercilio,
623 1695 784 1763 simpliciter
808 1697 883 1748 edito
905 1695 981 1760 loco,
1006 1703 1038 1746 ut
1053 1698 1175 1764 (Homer.

141 1764 337 1850 11.1,·411..):
376 1760 450 1817 litos
474 1758 634 1832 ὀφρυόεσσα,
666 1780 731 1814 num
755 1765 816 1816 ideo
839 1766 879 1818 ait
902 1766 1010 1816 clivosi.
1035 1790 1068 1803 -
1115 1771 1176 1822 109.

142 1838 244 1898 Elium,
272 1835 307 1887 ab
332 1832 481 1896 eliciendo,
505 1845 532 1884 et
556 1834 628 1903 apud
653 1833 794 1900 antiquos,
821 1835 961 1903 hodieque
985 1836 1014 1885 in
1039 1834 1176 1903 aliquibus

141 1904 288 1976 provinciis
306 1902 395 1970 Elices
413 1901 586 1969 appellantur
610 1900 677 1953 arilei
694 1902 856 1972 ampliores,
878 1904 912 1954 ad
935 1903 1077 1954 siccandos
1094 1917 1177 1970 agros

140 1975 230 2038 duoti',
247 1972 320 2024 unde
337 1971 420 2022 Poeta
443 1972 502 2041 ipso
520 1969 604 2023 verbo
629 1969 669 2019 uti
691 1971 788 2035 voluit,
815 1989 881 2024 nam
906 1979 933 2025 et
950 1980 1118 2023 scrutatores
1136 1971 1178 2021 vel

139 2040 296 2114 repertores
314 2056 447 2106 aquarum
462 2040 591 2106 aquilices
603 2039 745 2099 dicuntur,
764 2040 902 2094 barinulas
916 2039 1061 2105 dixerunt]
1094 2039 1174 2092 Rau-

141 2130 204 2164 sum
222 2128 271 2179 per
288 2109 363 2160 levia
382 2126 511 2159 murmur
528 2124 599 2158 saxo
619 2109 686 2169 ciet,
711 2124 766 2160 uon
790 2110 878 2161 solum
896 2111 1005 2159 utilitati
1023 2111 1176 2161 hamorem

141 2182 208 2233 dicit
231 2182 306 2242 iore,
330 2178 377 2228 sed
401 2178 486 2228 etiam
505 2177 648 2245 voluptati:
670 2177 808 2244 [murmur
833 2187 924 2228 erstem
948 2193 1048 2228 sommi
1064 2176 1176 2249 aquae]

140 2248 228 2300 Levia
247 2244 333 2317 [vero]
351 2244 474 2310 lubrica,
497 2246 599 2308 nitida,
623 2245 731 2298 detrita.
749 2268 782 2283 ’-
822 2246 1054 2311 ttu.scaretr1·s‚·
1077 2247 1174 2297 ebulli-

139 2318 268 2380 tiouibus,
285 2330 356 2382 quae
373 2314 530 2384 liiiiit„cum
549 2331 619 2380 aqua
638 2313 666 2364 t'u
685 2313 788 2381 aliquas
805 2317 889 2367 riums
908 2315 1060 2367 defluxerit.
1096 2315 1173 2367 Unde

140 2388 224 2440 etiam
240 2399 303 2434 rasa
320 2381 472 2434 aestuantia
499 2397 525 2433 la
544 2383 646 2442 calore)
670 2383 810 2434 scaturire.
827 2384 969 2444 ilicuutur;
991 2384 1076 2451 [uude
1093 2385 1173 2451 vulgo

139 2472 217 2519 vasa,
250 2453 297 2502 uhi
320 2451 409 2502 calida
433 2450 521 2501 solent
543 2450 618 2514 fiori,
650 2464 762 2500 scutrae
786 2452 964 2522 appellatum.
1009 2448 1173 2520 Temperat,

137 2518 254 2589 rusticus
267 2517 390 2585 scilicet]
403 2545 436 2556 ·-
472 2525 532 2576 111.
546 2518 625 2585 Quid
643 2521 668 2586 [;
688 2521 818 2571 subaudi:
837 2522 870 2571 dc
887 2521 934 2570 illo
947 2521 1095 2572 dicendum
1114 2522 1173 2572 est?

137 2596 206 2646 Aut:
239 2590 379 2658 Quantum
404 2588 441 2639 illi
468 2587 613 2665 prodest'l]
650 2587 792 2639 Gravidas
817 2592 923 2639 aristas
952 2588 1175 2656 periphrastiuois

136 2659 288 2731 prospicis
306 2659 402 2727 posuit.
435 2656 559 2707 Dicimus
575 2664 669 2707 autem
688 2665 715 2708 et
733 2658 906 2724 liiuspicus,
932 2667 959 2707 et
983 2657 1034 2708 hoe
1052 2665 1172 2724 spicum.

138 2731 246 2783 Cicero,
262 2729 290 2778 iu
309 2728 407 2778 Arato:
431 2725 543 2790 Spicum
570 2727 680 2776 illustre
699 2727 798 2794 ferens
817 2729 929 2793 insigni
947 2742 1059 2792 corpore
1080 2732 1171 2794 virgo.

137 2799 189 2852 Sed
205 2799 276 2849 scire
294 2795 425 2847 debemus
442 2795 471 2844 ih
488 2810 538 2844 usu
556 2811 613 2846 esse
631 2813 646 2844 a
665 2796 816 2845 ruasculiuo
841 2805 988 2860 utrumque
1005 2811 1173 2848 numerum:

136 2886 153 2920 a
171 2875 270 2920 neutro
287 2879 352 2915 vero
370 2879 450 2926 raro,
474 2870 502 2912 et
518 2868 625 2914 tantu'm
643 2863 812 2929 singularem
830 2865 954 2915 inveniri.
990 2864 1061 2914 Nam
1080 2866 1173 2933 plura-

134 2935 168 2988 lis
192 2948 329 3002 niuquam
352 2933 437 2983 lectus
461 2938 508 2982 est,
549 2932 603 2999 [Et
628 2934 696 2997 quid
715 2932 731 2981 i.
752 2951 791 2995 e.,
815 2933 879 3000 quid
903 2933 1008 2994 dicam,
1033 2944 1172 2999 quantum

135 3006 209 3057 iuret
233 3020 305 3054 arva.
344 3001 476 3064 Culmus,·
502 3000 606 3050 iunctio
628 3000 785 3069 spicarium]
803 3029 834 3038 -
872 3008 931 3058 112.
951 2998 1111 3053 Luxuriem
1130 3021 1172 3052 sc-

134 3081 250 3142 getum,
269 3071 341 3121 bene
361 3071 518 3130 luxuriem,
542 3076 573 3118 ut
590 3070 715 3120 ostendat
731 3086 791 3121 rem
809 3070 993 3138 superfluam,
1017 3078 1045 3120 ct
1062 3071 1172 3122 nocitu-

133 3158 210 3204 ram,
234 3140 286 3191 nisi
304 3145 476 3205 amputetur,
501 3135 638 3204 [atticam
662 3145 689 3188 et
701 3137 777 3189 bene
794 3140 931 3188 lurisriem
950 3139 1037 3206 puscit
1054 3156 1111 3190 nun
1128 3159 1171 3191 se-

133 3216 233 3276 getem.
251 3209 264 3265 ,*
281 3205 351 3258 Sane
369 3208 511 3256 luxuriem
529 3205 602 3256 iurta
620 3207 745 3274 antiquos
763 3207 842 3258 rnulti
861 3207 964 3256 dictum
982 3216 1088 3275 putant,
1105 3225 1172 3260 cum

134 3280 253 3330 luxuria
276 3273 403 3338 dicatur]
419 3294 472 3313 -·
498 3281 557 3330 113.
582 3274 650 3323 Cum
674 3279 797 3338 primum
823 3277 916 3326 sulcos
941 3288 1064 3342 aequant
1090 3291 1170 3343 sata,-

132 3346 295 3415 [seminata,
312 3345 365 3394 hoc
383 3341 455 3407 est,]
478 3359 542 3393 cuin
561 3343 649 3395 adhuc
667 3344 772 3395 herbae
791 3352 853 3394 sunt
870 3352 996 3406 tenerae,
1014 3344 1031 3394 i.
1049 3363 1074 3396 e.
1092 3348 1170 3413 [cum

131 3414 299 3480 cooperiunt
314 3412 400 3463 sulcos
412 3410 536 3474 herbae,
554 3411 606 3462 hoc
625 3409 682 3475 est]¹
693 3420 840 3479 autequam
858 3419 992 3478 cogantur
1010 3413 1038 3463 in
1053 3416 1170 3479 culmos,

132 3491 160 3536 et
183 3499 233 3550 per
259 3483 310 3533 ista
332 3490 442 3550 tempus
468 3479 592 3530 ostendit
628 3481 663 3530 Et
688 3489 728 3531 est
747 3481 852 3549 Virgilii
876 3482 928 3533 hoc
952 3481 1171 3549 hemistychium

132 3568 218 3603 unum
235 3551 270 3604 de
288 3549 400 3600 invictis.
435 3547 558 3616 [Quique
577 3549 708 3613 puludis5
734 3552 761 3600 el
778 3550 822 3600 hic
850 3554 929 3599 iuvat
947 3568 1016 3600 arva
1041 3551 1171 3602 subaudi-

132 3618 263 3684 endum]
286 3646 318 3655 —
373 3621 433 3673 ttl.
458 3616 595 3680 Deducit,
627 3618 725 3680 sircut,
755 3618 882 3671 detrahit.
900 3620 976 3685 ,sic
1001 3619 1083 3685 paulo
1108 3628 1170 3688 p'ost

131 3690 229 3755 (269.):
254 3686 344 3738 Rivos
362 3687 496 3736 deducere
515 3687 596 3736 nulla
615 3685 739 3753 Relligio
759 3691 860 3752 vetuit,
884 3686 901 3737 i.
920 3704 944 3738 e.
962 3686 1073 3738 siccare.
1110 3688 1170 3756 [Bi-

159 3859 210 3908 111)
238 3858 262 3896 ln
276 3855 376 3896 h'ioeronis
396 3855 440 3892 loun
461 3852 486 3890 nl.
505 3854 586 3905 ris-rigae
606 3867 641 3902 pro
663 3854 748 3892 illustre.
777 3854 829 3892 Dein
846 3856 871 3893 G.
885 3864 965 3899 tenens,
987 3865 1008 3893 ct
1028 3872 1040 3895 ι
1054 3870 1081 3894 rn.
1096 3872 1136 3896 sse.
1152 3871 1171 3894 v.

216 3923 264 3966 post
277 3917 338 3965 virgo
353 3912 413 3950 ctiam
428 3919 497 3950 lenens
511 3911 537 3947 L.
552 3911 599 3946 vm.
614 3912 639 3947 R.
656 3914 679 3948 V.
694 3912 765 3949 liaris.
780 3912 805 3948 ad
819 3912 860 3949 Cic.
876 3915 902 3950 la.
918 3916 944 3950 D.
959 3915 983 3958 2,
998 3912 1033 3953 42
1053 3918 1128 3953 Burin,

56 3992 67 4039 'J
106 4004 113 4031 t
159 3995 211 4046 113)
238 3993 320 4034 lavistis
340 3994 353 4030 i.
369 4005 386 4029 e.
407 3997 447 4028 tarn
468 3990 561 4038 reregiis,
583 3998 604 4027 ut
624 4003 683 4028 nemo
703 3992 765 4040 possit
785 3990 875 4037 vincere,
895 3993 937 4030 rii·
958 3992 1028 4032 melius
1048 3994 1128 4042 iecere,
1150 4001 1171 4031 at

215 4050 261 4095 Bal.
275 4048 301 4097 6,
315 4048 350 4090 5⁵.
364 4055 385 4087 et
398 4050 454 4086 Serv.
468 4048 495 4086 ud
509 4050 535 4086 Δ.
550 4046 589 4091 10,
604 4046 652 4086 1911
667 4051 738 4086 Burm.
