<?xml version="1.0" encoding="UTF-8"?>
<!DOCTYPE html PUBLIC "-//W3C//DTD XHTML 1.0 Transitional//EN"
    "http://www.w3.org/TR/xhtml1/DTD/xhtml1-transitional.dtd">
<html xmlns="http://www.w3.org/1999/xhtml" xml:lang="en" lang="en">
 <head>
  <title>
</title>
<meta http-equiv="Content-Type" content="text/html;charset=utf-8" />
  <meta name='ocr-system' content='tesseract 3.04.00' />
  <meta name='ocr-capabilities' content='ocr_page ocr_carea ocr_par ocr_line ocrx_word'/>
</head>
<body>
  <div class='ocr_page' id='page_1' title='image "./commentariiinvi00honogoog_0053.png"; bbox 0 0 2430 4620; ppageno 0'>
   <div class='ocr_carea' id='block_1_1' title="bbox 145 273 922 346">
    <p class='ocr_par' dir='ltr' id='par_1_1' title="bbox 145 273 922 346">
     <span class='ocr_line' id='line_1_1' title="bbox 145 273 922 346; baseline 0.005 -10"><span class='ocrx_word' id='word_1_1' title='bbox 145 279 191 346; x_wconf 76' lang='lat'><strong>42</strong></span> <span class='ocrx_word' id='word_1_2' title='bbox 404 274 543 339; x_wconf 76' lang='lat' dir='ltr'><strong>snuvn</strong></span> <span class='ocrx_word' id='word_1_3' title='bbox 566 273 922 341; x_wconf 80' lang='lat' dir='ltr'><strong>COMMENTARIUS</strong></span> 
     </span>
    </p>
   </div>
   <div class='ocr_carea' id='block_1_2' title="bbox 71 461 1206 2591">
    <p class='ocr_par' dir='ltr' id='par_1_2' title="bbox 71 461 1206 2591">
     <span class='ocr_line' id='line_1_2' title="bbox 145 461 1184 533; baseline 0.002 -18"><span class='ocrx_word' id='word_1_4' title='bbox 145 462 229 515; x_wconf 87' lang='lat' dir='ltr'><strong>totius</strong></span> <span class='ocrx_word' id='word_1_5' title='bbox 245 461 303 527; x_wconf 86' lang='lat' dir='ltr'><strong>rei,</strong></span> <span class='ocrx_word' id='word_1_6' title='bbox 326 470 355 515; x_wconf 88' lang='lat' dir='ltr'><strong>et</strong></span> <span class='ocrx_word' id='word_1_7' title='bbox 370 461 520 533; x_wconf 85' lang='lat' dir='ltr'><strong>praecipue</strong></span> <span class='ocrx_word' id='word_1_8' title='bbox 537 463 697 516; x_wconf 77' lang='lat' dir='ltr'><strong>sacrationis</strong></span> <span class='ocrx_word' id='word_1_9' title='bbox 714 463 788 516; x_wconf 78' lang='lat' dir='ltr'><strong>aliud</strong></span> <span class='ocrx_word' id='word_1_10' title='bbox 804 479 889 531; x_wconf 66' lang='lat' dir='ltr'><strong>egens</strong></span> <span class='ocrx_word' id='word_1_11' title='bbox 913 466 994 533; x_wconf 76' lang='lat' dir='ltr'><strong>po&#39;e‘ta</strong></span> <span class='ocrx_word' id='word_1_12' title='bbox 1010 465 1184 517; x_wconf 84' lang='lat' dir='ltr'><strong>mentionem</strong></span> 
     </span>
     <span class='ocr_line' id='line_1_3' title="bbox 144 530 1184 601; baseline 0.001 -17"><span class='ocrx_word' id='word_1_13' title='bbox 144 532 261 586; x_wconf 77' lang='lat' dir='ltr'><strong>inseruit</strong></span> <span class='ocrx_word' id='word_1_14' title='bbox 278 530 383 601; x_wconf 71' lang='lat' dir='ltr'><strong>dicpm:</strong></span> <span class='ocrx_word' id='word_1_15' title='bbox 407 531 460 581; x_wconf 85' lang='lat' dir='ltr'><strong>hoc</strong></span> <span class='ocrx_word' id='word_1_16' title='bbox 484 535 652 600; x_wconf 74' lang='lat' dir='ltr'><strong><em>quicumque</em></strong></span> <span class='ocrx_word' id='word_1_17' title='bbox 670 549 783 584; x_wconf 86' lang='lat' dir='ltr'><strong>socrum</strong></span> <span class='ocrx_word' id='word_1_18' title='bbox 800 535 918 584; x_wconf 83' lang='lat' dir='ltr'><strong>violarit</strong></span> <span class='ocrx_word' id='word_1_19' title='bbox 934 536 1050 586; x_wconf 83' lang='lat' dir='ltr'><strong>vulnere</strong></span> <span class='ocrx_word' id='word_1_20' title='bbox 1072 551 1184 601; x_wconf 81' lang='lat' dir='ltr'><strong>corpses,</strong></span> 
     </span>
     <span class='ocr_line' id='line_1_4' title="bbox 147 599 1182 672; baseline 0.002 -21"><span class='ocrx_word' id='word_1_21' title='bbox 147 601 220 654; x_wconf 87' lang='lat' dir='ltr'><strong>Tros</strong></span> <span class='ocrx_word' id='word_1_22' title='bbox 244 599 368 652; x_wconf 78' lang='lat' dir='ltr'><strong>Italusue</strong></span> <span class='ocrx_word' id='word_1_23' title='bbox 393 600 465 652; x_wconf 84' lang='lat' dir='ltr'><strong>mibi</strong></span> <span class='ocrx_word' id='word_1_24' title='bbox 511 605 597 653; x_wconf 84' lang='lat' dir='ltr'><strong>ariter</strong></span> <span class='ocrx_word' id='word_1_25' title='bbox 623 603 669 652; x_wconf 86' lang='lat' dir='ltr'><strong>det</strong></span> <span class='ocrx_word' id='word_1_26' title='bbox 693 604 834 669; x_wconf 82' lang='lat' dir='ltr'><strong>sanguine</strong></span> <span class='ocrx_word' id='word_1_27' title='bbox 859 620 980 667; x_wconf 82' lang='lat' dir='ltr'><strong>poenns;</strong></span> <span class='ocrx_word' id='word_1_28' title='bbox 1011 603 1084 655; x_wconf 85' lang='lat' dir='ltr'><strong>bene</strong></span> <span class='ocrx_word' id='word_1_29' title='bbox 1115 619 1182 672; x_wconf 79' lang='lat' dir='ltr'><strong>ergo</strong></span> 
     </span>
     <span class='ocr_line' id='line_1_5' title="bbox 145 619 1182 739; baseline 0.001 -18"><span class='ocrx_word' id='word_1_30' title='bbox 145 669 216 721; x_wconf 84' lang='lat' dir='ltr'><strong>sicut</strong></span> <span class='ocrx_word' id='word_1_31' title='bbox 233 671 337 722; x_wconf 85' lang='lat' dir='ltr'><strong>dictum</strong></span> <span class='ocrx_word' id='word_1_32' title='bbox 356 677 410 735; x_wconf 85' lang='lat' dir='ltr'><strong>est,</strong></span> <span class='ocrx_word' id='word_1_33' title='bbox 434 619 566 735; x_wconf 72' lang='lat' dir='ltr'><strong>oioUsrit,</strong></span> <span class='ocrx_word' id='word_1_34' title='bbox 591 671 656 739; x_wconf 83' lang='lat' dir='ltr'><strong>quia</strong></span> <span class='ocrx_word' id='word_1_35' title='bbox 679 671 784 722; x_wconf 75' lang='lat' dir='ltr'><strong>dixerat</strong></span> <span class='ocrx_word' id='word_1_36' title='bbox 801 670 933 736; x_wconf 86' lang='lat' dir='ltr'><strong>socrum]</strong></span> <span class='ocrx_word' id='word_1_37' title='bbox 952 700 987 708; x_wconf 91' lang='lat'>-</span> <span class='ocrx_word' id='word_1_38' title='bbox 1028 676 1090 729; x_wconf 75' lang='lat'><strong>592.</strong></span> <span class='ocrx_word' id='word_1_39' title='bbox 1110 671 1182 724; x_wconf 85' lang='lat' dir='ltr'><strong>Tro&#39;s</strong></span> 
     </span>
     <span class='ocr_line' id='line_1_6' title="bbox 146 737 1182 808; baseline 0.003 -18"><span class='ocrx_word' id='word_1_40' title='bbox 146 739 271 790; x_wconf 74' lang='lat' dir='ltr'><strong>Italusue</strong></span> <span class='ocrx_word' id='word_1_41' title='bbox 291 737 376 798; x_wconf 86' lang='lat' dir='ltr'><strong>mibi;</strong></span> <span class='ocrx_word' id='word_1_42' title='bbox 399 739 421 789; x_wconf 84' lang='lat' dir='ltr'><strong>ri</strong></span> <span class='ocrx_word' id='word_1_43' title='bbox 444 738 606 807; x_wconf 88' lang='lat' dir='ltr'><strong>simpliciter</strong></span> <span class='ocrx_word' id='word_1_44' title='bbox 630 739 810 808; x_wconf 83' lang='lat' dir='ltr'><strong>accipiemus,</strong></span> <span class='ocrx_word' id='word_1_45' title='bbox 833 741 872 790; x_wconf 88' lang='lat' dir='ltr'><strong>ita</strong></span> <span class='ocrx_word' id='word_1_46' title='bbox 895 740 1098 808; x_wconf 81' lang='lat' dir='ltr'><strong>intelligemus:</strong></span> <span class='ocrx_word' id='word_1_47' title='bbox 1124 740 1182 793; x_wconf 82' lang='lat' dir='ltr'><strong>Sita</strong></span> 
     </span>
     <span class='ocr_line' id='line_1_7' title="bbox 146 806 1181 888; baseline -0.001 -28"><span class='ocrx_word' id='word_1_48' title='bbox 146 824 210 860; x_wconf 84' lang='lat' dir='ltr'><strong>cem</strong></span> <span class='ocrx_word' id='word_1_49' title='bbox 229 809 365 860; x_wconf 78' lang='lat' dir='ltr'><strong>Troianus</strong></span> <span class='ocrx_word' id='word_1_50' title='bbox 381 806 570 872; x_wconf 82' lang='lat' dir='ltr'><strong>interemerit,</strong></span> <span class='ocrx_word' id='word_1_51' title='bbox 587 807 641 859; x_wconf 84' lang='lat' dir='ltr'><strong>sive</strong></span> <span class='ocrx_word' id='word_1_52' title='bbox 659 808 757 888; x_wconf 70' lang='lat' dir='ltr'><strong>aliquis</strong></span> <span class='ocrx_word' id='word_1_53' title='bbox 774 808 808 859; x_wconf 91' lang='lat' dir='ltr'><strong>de</strong></span> <span class='ocrx_word' id='word_1_54' title='bbox 823 809 930 860; x_wconf 83' lang='lat' dir='ltr'>Aeneae</span> <span class='ocrx_word' id='word_1_55' title='bbox 947 809 1060 860; x_wconf 85' lang='lat' dir='ltr'><strong>auxiliis.</strong></span> <span class='ocrx_word' id='word_1_56' title='bbox 1096 809 1181 862; x_wconf 80' lang='lat' dir='ltr'><strong>Narn-</strong></span> 
     </span>
     <span class='ocr_line' id='line_1_8' title="bbox 146 875 1181 948; baseline 0.002 -21"><span class='ocrx_word' id='word_1_57' title='bbox 146 893 202 946; x_wconf 83' lang='lat' dir='ltr'><strong>que</strong></span> <span class='ocrx_word' id='word_1_58' title='bbox 219 877 266 929; x_wconf 90' lang='lat' dir='ltr'><strong>alii</strong></span> <span class='ocrx_word' id='word_1_59' title='bbox 283 876 390 940; x_wconf 83' lang='lat' dir='ltr'><strong>volunt,</strong></span> <span class='ocrx_word' id='word_1_60' title='bbox 415 877 549 927; x_wconf 83' lang='lat' dir='ltr'><strong>Aruutem</strong></span> <span class='ocrx_word' id='word_1_61' title='bbox 574 875 606 928; x_wconf 88' lang='lat' dir='ltr'><strong>de</strong></span> <span class='ocrx_word' id='word_1_62' title='bbox 625 876 714 928; x_wconf 85' lang='lat' dir='ltr'><strong>Turrn</strong></span> <span class='ocrx_word' id='word_1_63' title='bbox 737 877 820 928; x_wconf 85' lang='lat' dir='ltr'><strong>inisse</strong></span> <span class='ocrx_word' id='word_1_64' title='bbox 843 877 981 948; x_wconf 87' lang='lat' dir='ltr'><strong>partibus,</strong></span> <span class='ocrx_word' id='word_1_65' title='bbox 1004 885 1032 929; x_wconf 91' lang='lat' dir='ltr'><strong>et</strong></span> <span class='ocrx_word' id='word_1_66' title='bbox 1054 877 1181 946; x_wconf 84' lang='lat' dir='ltr'><strong>indigna·</strong></span> 
     </span>
     <span class='ocr_line' id='line_1_9' title="bbox 145 944 1181 1015; baseline -0.001 -17"><span class='ocrx_word' id='word_1_67' title='bbox 145 953 215 1012; x_wconf 87' lang='lat' dir='ltr'><strong>tum,</strong></span> <span class='ocrx_word' id='word_1_68' title='bbox 230 946 384 998; x_wconf 85' lang='lat' dir='ltr'><strong>femineum</strong></span> <span class='ocrx_word' id='word_1_69' title='bbox 401 959 495 995; x_wconf 77' lang='lat' dir='ltr'><strong>semim</strong></span> <span class='ocrx_word' id='word_1_70' title='bbox 513 945 573 1012; x_wconf 84' lang='lat' dir='ltr'><strong>plue</strong></span> <span class='ocrx_word' id='word_1_71' title='bbox 590 945 619 996; x_wconf 91' lang='lat' dir='ltr'><strong>in</strong></span> <span class='ocrx_word' id='word_1_72' title='bbox 637 944 709 997; x_wconf 85' lang='lat' dir='ltr'><strong>bello</strong></span> <span class='ocrx_word' id='word_1_73' title='bbox 727 945 856 1015; x_wconf 86' lang='lat' dir='ltr'><strong>potuisse,</strong></span> <span class='ocrx_word' id='word_1_74' title='bbox 873 962 958 1014; x_wconf 85' lang='lat' dir='ltr'><strong>quem</strong></span> <span class='ocrx_word' id='word_1_75' title='bbox 975 945 1055 996; x_wconf 84' lang='lat' dir='ltr'><strong>siros.</strong></span> <span class='ocrx_word' id='word_1_76' title='bbox 1090 947 1181 1014; x_wconf 83' lang='lat' dir='ltr'><strong>Quam</strong></span> 
     </span>
     <span class='ocr_line' id='line_1_10' title="bbox 146 1013 1180 1082; baseline -0.003 -15"><span class='ocrx_word' id='word_1_77' title='bbox 146 1031 210 1067; x_wconf 86' lang='lat' dir='ltr'><strong>rem</strong></span> <span class='ocrx_word' id='word_1_78' title='bbox 226 1015 272 1067; x_wconf 90' lang='lat' dir='ltr'><strong>hic</strong></span> <span class='ocrx_word' id='word_1_79' title='bbox 289 1014 384 1066; x_wconf 87' lang='lat' dir='ltr'><strong>dicunt</strong></span> <span class='ocrx_word' id='word_1_80' title='bbox 400 1013 586 1082; x_wconf 79' lang='lat' dir='ltr'><strong>perstrinxisse</strong></span> <span class='ocrx_word' id='word_1_81' title='bbox 604 1013 764 1082; x_wconf 76' lang='lat' dir='ltr'><strong>Virgilium:</strong></span> <span class='ocrx_word' id='word_1_82' title='bbox 791 1022 820 1066; x_wconf 91' lang='lat' dir='ltr'><strong>et</strong></span> <span class='ocrx_word' id='word_1_83' title='bbox 836 1032 867 1066; x_wconf 87' lang='lat' dir='ltr'><strong>ra</strong></span> <span class='ocrx_word' id='word_1_84' title='bbox 884 1030 948 1067; x_wconf 83' lang='lat' dir='ltr'><strong>vera</strong></span> <span class='ocrx_word' id='word_1_85' title='bbox 965 1014 1003 1065; x_wconf 87' lang='lat' dir='ltr'><strong>sic</strong></span> <span class='ocrx_word' id='word_1_86' title='bbox 1013 1013 1126 1082; x_wconf 79' lang='lat' dir='ltr'><strong>ubique</strong></span> <span class='ocrx_word' id='word_1_87' title='bbox 1142 1015 1180 1066; x_wconf 93' lang='lat' dir='ltr'><strong>lo-</strong></span> 
     </span>
     <span class='ocr_line' id='line_1_11' title="bbox 144 1081 1178 1152; baseline 0.001 -18"><span class='ocrx_word' id='word_1_88' title='bbox 144 1083 248 1151; x_wconf 84' lang='lat' dir='ltr'><strong>quitur,</strong></span> <span class='ocrx_word' id='word_1_89' title='bbox 264 1090 295 1133; x_wconf 85' lang='lat' dir='ltr'><strong>ut</strong></span> <span class='ocrx_word' id='word_1_90' title='bbox 311 1081 449 1133; x_wconf 82' lang='lat' dir='ltr'><strong>incertum</strong></span> <span class='ocrx_word' id='word_1_91' title='bbox 466 1081 509 1148; x_wconf 84' lang='lat' dir='ltr'><strong>sit,</strong></span> <span class='ocrx_word' id='word_1_92' title='bbox 526 1083 614 1133; x_wconf 77' lang='lat' dir='ltr'><strong>Aruns</strong></span> <span class='ocrx_word' id='word_1_93' title='bbox 630 1082 664 1134; x_wconf 88' lang='lat' dir='ltr'><strong>de</strong></span> <span class='ocrx_word' id='word_1_94' title='bbox 681 1083 758 1133; x_wconf 86' lang='lat' dir='ltr'><strong>cuius</strong></span> <span class='ocrx_word' id='word_1_95' title='bbox 775 1082 899 1152; x_wconf 84' lang='lat' dir='ltr'><strong>partibus</strong></span> <span class='ocrx_word' id='word_1_96' title='bbox 915 1083 1007 1135; x_wconf 79' lang='lat' dir='ltr'><strong>fuerit.</strong></span> <span class='ocrx_word' id='word_1_97' title='bbox 1041 1083 1122 1134; x_wconf 88' lang='lat' dir='ltr'><strong>Unde</strong></span> <span class='ocrx_word' id='word_1_98' title='bbox 1139 1089 1178 1135; x_wconf 77' lang='lat' dir='ltr'><strong>est</strong></span> 
     </span>
     <span class='ocr_line' id='line_1_12' title="bbox 146 1149 1179 1218; baseline 0.001 -17"><span class='ocrx_word' id='word_1_99' title='bbox 146 1159 175 1205; x_wconf 87' lang='lat' dir='ltr'><strong>et</strong></span> <span class='ocrx_word' id='word_1_100' title='bbox 197 1150 265 1203; x_wconf 77' lang='lat' dir='ltr'><strong>illuri</strong></span> <span class='ocrx_word' id='word_1_101' title='bbox 288 1150 397 1218; x_wconf 83' lang='lat'>(789.):</span> <span class='ocrx_word' id='word_1_102' title='bbox 427 1149 475 1201; x_wconf 84' lang='lat' dir='ltr'><strong>Da</strong></span> <span class='ocrx_word' id='word_1_103' title='bbox 499 1162 577 1216; x_wconf 75' lang='lat' dir='ltr'><strong>pater</strong></span> <span class='ocrx_word' id='word_1_104' title='bbox 601 1149 652 1203; x_wconf 84' lang='lat' dir='ltr'><strong>boc</strong></span> <span class='ocrx_word' id='word_1_105' title='bbox 677 1153 783 1202; x_wconf 82' lang='lat' dir='ltr'><strong>nostris</strong></span> <span class='ocrx_word' id='word_1_106' title='bbox 807 1153 915 1203; x_wconf 81' lang='lat' dir='ltr'><strong><em>aboleri</em></strong></span> <span class='ocrx_word' id='word_1_107' title='bbox 938 1152 1055 1202; x_wconf 79' lang='lat' dir='ltr'><strong><em>dedecus</em></strong></span> <span class='ocrx_word' id='word_1_108' title='bbox 1080 1155 1179 1202; x_wconf 83' lang='lat' dir='ltr'><strong>armis.</strong></span> 
     </span>
     <span class='ocr_line' id='line_1_13' title="bbox 145 1217 1180 1289; baseline -0.001 -18"><span class='ocrx_word' id='word_1_109' title='bbox 145 1219 269 1277; x_wconf 78' lang='lat' dir='ltr'><strong>Pariter:</strong></span> <span class='ocrx_word' id='word_1_110' title='bbox 286 1217 430 1286; x_wconf 86' lang='lat' dir='ltr'><strong>similiter,</strong></span> <span class='ocrx_word' id='word_1_111' title='bbox 446 1234 502 1270; x_wconf 87' lang='lat' dir='ltr'><strong>uno</strong></span> <span class='ocrx_word' id='word_1_112' title='bbox 519 1218 610 1270; x_wconf 90' lang='lat' dir='ltr'><strong>modo.</strong></span> <span class='ocrx_word' id='word_1_113' title='bbox 645 1219 681 1270; x_wconf 81' lang='lat' dir='ltr'><strong>Et</strong></span> <span class='ocrx_word' id='word_1_114' title='bbox 697 1226 740 1271; x_wconf 86' lang='lat' dir='ltr'><strong>est</strong></span> <span class='ocrx_word' id='word_1_115' title='bbox 756 1219 908 1288; x_wconf 85' lang='lat' dir='ltr'><strong>antiquum.</strong></span> <span class='ocrx_word' id='word_1_116' title='bbox 942 1221 1062 1289; x_wconf 86' lang='lat' dir='ltr'><strong>[Plautus</strong></span> <span class='ocrx_word' id='word_1_117' title='bbox 1079 1219 1110 1271; x_wconf 82' lang='lat' dir='ltr'><strong>in</strong></span> <span class='ocrx_word' id='word_1_118' title='bbox 1127 1221 1180 1270; x_wconf 77' lang='lat' dir='ltr'><strong>hu·</strong></span> 
     </span>
     <span class='ocr_line' id='line_1_14' title="bbox 144 1286 1179 1356; baseline 0 -16"><span class='ocrx_word' id='word_1_119' title='bbox 144 1289 206 1342; x_wconf 81' lang='lat' dir='ltr'><strong>lul:</strong></span> <span class='ocrx_word' id='word_1_120' title='bbox 222 1288 323 1340; x_wconf 85' lang='lat' dir='ltr'><strong>Filium</strong></span> <span class='ocrx_word' id='word_1_121' title='bbox 336 1289 439 1356; x_wconf 89' lang='lat' dir='ltr'><strong>pariter</strong></span> <span class='ocrx_word' id='word_1_122' title='bbox 456 1286 616 1354; x_wconf 85' lang='lat' dir='ltr'><strong>moratum]</strong></span> <span class='ocrx_word' id='word_1_123' title='bbox 628 1312 662 1324; x_wconf 95' lang='lat'><em>-</em></span> <span class='ocrx_word' id='word_1_124' title='bbox 697 1292 757 1346; x_wconf 80' lang='lat'>593.</span> <span class='ocrx_word' id='word_1_125' title='bbox 776 1288 958 1339; x_wconf 83' lang='lat' dir='ltr'><strong>Miserandae</strong></span> <span class='ocrx_word' id='word_1_126' title='bbox 974 1305 1093 1354; x_wconf 82' lang='lat' dir='ltr'><strong>corpue,·</strong></span> <span class='ocrx_word' id='word_1_127' title='bbox 1111 1287 1179 1340; x_wconf 80' lang='lat' dir='ltr'><strong>haec</strong></span> 
     </span>
     <span class='ocr_line' id='line_1_15' title="bbox 145 1355 1206 1426; baseline 0.002 -17"><span class='ocrx_word' id='word_1_128' title='bbox 145 1358 175 1409; x_wconf 90' lang='lat' dir='ltr'><strong>in</strong></span> <span class='ocrx_word' id='word_1_129' title='bbox 199 1357 361 1409; x_wconf 84' lang='lat' dir='ltr'><strong>oeconomia</strong></span> <span class='ocrx_word' id='word_1_130' title='bbox 389 1355 559 1426; x_wconf 79' lang='lat' dir='ltr'><strong>praeiudicia</strong></span> <span class='ocrx_word' id='word_1_131' title='bbox 581 1356 775 1422; x_wconf 76' lang='lat' dir='ltr'><strong>nominantur,</strong></span> <span class='ocrx_word' id='word_1_132' title='bbox 804 1357 930 1426; x_wconf 87' lang='lat' dir='ltr'><strong>quotiens</strong></span> <span class='ocrx_word' id='word_1_133' title='bbox 958 1356 1064 1426; x_wconf 58' lang='lat' dir='ltr'><strong>negotii</strong></span> <span class='ocrx_word' id='word_1_134' title='bbox 1093 1355 1180 1408; x_wconf 79' lang='lat' dir='ltr'><strong>tutori</strong></span> <span class='ocrx_word' id='word_1_135' title='bbox 1203 1406 1206 1411; x_wconf 17' lang='grc' dir='ltr'><strong>Α</strong></span> 
     </span>
     <span class='ocr_line' id='line_1_16' title="bbox 145 1423 1179 1489; baseline -0.002 -11"><span class='ocrx_word' id='word_1_136' title='bbox 145 1424 230 1478; x_wconf 85' lang='lat' dir='ltr'><strong>exitus</strong></span> <span class='ocrx_word' id='word_1_137' title='bbox 246 1426 358 1478; x_wconf 86' lang='lat' dir='ltr'><strong>tollitur.</strong></span> <span class='ocrx_word' id='word_1_138' title='bbox 394 1425 455 1476; x_wconf 88' lang='lat' dir='ltr'><strong>Vult</strong></span> <span class='ocrx_word' id='word_1_139' title='bbox 471 1424 563 1489; x_wconf 89' lang='lat' dir='ltr'><strong>enim,</strong></span> <span class='ocrx_word' id='word_1_140' title='bbox 586 1440 635 1476; x_wconf 89' lang='lat' dir='ltr'><strong>nos</strong></span> <span class='ocrx_word' id='word_1_141' title='bbox 659 1423 694 1477; x_wconf 85' lang='lat' dir='ltr'><strong>de</strong></span> <span class='ocrx_word' id='word_1_142' title='bbox 710 1425 843 1477; x_wconf 77' lang='lat' dir='ltr'><strong>Camillae</strong></span> <span class='ocrx_word' id='word_1_143' title='bbox 866 1426 999 1477; x_wconf 81' lang='lat' dir='ltr'><strong>cadavere</strong></span> <span class='ocrx_word' id='word_1_144' title='bbox 1022 1424 1095 1476; x_wconf 82' lang='lat' dir='ltr'><strong>nihil</strong></span> <span class='ocrx_word' id='word_1_145' title='bbox 1111 1424 1179 1476; x_wconf 76' lang='lat' dir='ltr'><strong>dre-</strong></span> 
     </span>
     <span class='ocr_line' id='line_1_17' title="bbox 145 1492 1179 1567; baseline -0.002 -22"><span class='ocrx_word' id='word_1_146' title='bbox 145 1494 203 1545; x_wconf 89' lang='lat' dir='ltr'><strong>rius</strong></span> <span class='ocrx_word' id='word_1_147' title='bbox 221 1502 379 1567; x_wconf 75' lang='lat' dir='ltr'><strong>expectere,</strong></span> <span class='ocrx_word' id='word_1_148' title='bbox 401 1493 470 1545; x_wconf 88' lang='lat' dir='ltr'><strong>sicut</strong></span> <span class='ocrx_word' id='word_1_149' title='bbox 486 1494 552 1546; x_wconf 85' lang='lat' dir='ltr'><strong>iecit</strong></span> <span class='ocrx_word' id='word_1_150' title='bbox 567 1493 597 1544; x_wconf 92' lang='lat' dir='ltr'><strong>in</strong></span> <span class='ocrx_word' id='word_1_151' title='bbox 614 1493 705 1563; x_wconf 91' lang='lat' dir='ltr'><strong>primo</strong></span> <span class='ocrx_word' id='word_1_152' title='bbox 723 1493 819 1561; x_wconf 66' lang='lat' dir='ltr'><strong>(bed-l:</strong></span> <span class='ocrx_word' id='word_1_153' title='bbox 845 1493 889 1543; x_wconf 83' lang='lat' dir='ltr'><strong>Tu</strong></span> <span class='ocrx_word' id='word_1_154' title='bbox 900 1492 1009 1561; x_wconf 79' lang='lat' dir='ltr'><strong>faeiem</strong></span> <span class='ocrx_word' id='word_1_155' title='bbox 1028 1493 1111 1544; x_wconf 83' lang='lat' dir='ltr'><strong>illius</strong></span> <span class='ocrx_word' id='word_1_156' title='bbox 1130 1509 1179 1543; x_wconf 92' lang='lat' dir='ltr'><strong>no·</strong></span> 
     </span>
     <span class='ocr_line' id='line_1_18' title="bbox 146 1560 1179 1631; baseline -0.004 -19"><span class='ocrx_word' id='word_1_157' title='bbox 146 1574 213 1613; x_wconf 86' lang='lat' dir='ltr'><strong>ceem</strong></span> <span class='ocrx_word' id='word_1_158' title='bbox 233 1581 290 1615; x_wconf 89' lang='lat' dir='ltr'><strong>non</strong></span> <span class='ocrx_word' id='word_1_159' title='bbox 308 1564 431 1629; x_wconf 85' lang='lat' dir='ltr'><strong>amplius</strong></span> <span class='ocrx_word' id='word_1_160' title='bbox 450 1581 537 1615; x_wconf 82' lang='lat' dir='ltr'><strong>unam</strong></span> <span class='ocrx_word' id='word_1_161' title='bbox 552 1561 631 1614; x_wconf 77' lang='lat' dir='ltr'><strong>Folle</strong></span> <span class='ocrx_word' id='word_1_162' title='bbox 649 1563 721 1614; x_wconf 88' lang='lat' dir='ltr'><strong>dolo.</strong></span> <span class='ocrx_word' id='word_1_163' title='bbox 762 1561 843 1631; x_wconf 86' lang='lat' dir='ltr'><strong>Quod</strong></span> <span class='ocrx_word' id='word_1_164' title='bbox 867 1563 1048 1630; x_wconf 88' lang='lat' dir='ltr'><strong>praemissum</strong></span> <span class='ocrx_word' id='word_1_165' title='bbox 1070 1560 1179 1612; x_wconf 76' lang='lat' dir='ltr'><strong>sustulit</strong></span> 
     </span>
     <span class='ocr_line' id='line_1_19' title="bbox 71 1627 1205 1701; baseline -0.003 -19"><span class='ocrx_word' id='word_1_166' title='bbox 71 1666 78 1675; x_wconf 72' lang='lat'><strong>,</strong></span> <span class='ocrx_word' id='word_1_167' title='bbox 146 1632 458 1697; x_wconf 70' lang='lat' dir='ltr'><strong>commemorationem,</strong></span> <span class='ocrx_word' id='word_1_168' title='bbox 479 1631 587 1701; x_wconf 82' lang='lat' dir='ltr'><strong>quando</strong></span> <span class='ocrx_word' id='word_1_169' title='bbox 610 1630 653 1681; x_wconf 88' lang='lat' dir='ltr'><strong>vel</strong></span> <span class='ocrx_word' id='word_1_170' title='bbox 670 1628 776 1698; x_wconf 83' lang='lat' dir='ltr'><strong>Cupido</strong></span> <span class='ocrx_word' id='word_1_171' title='bbox 800 1631 967 1695; x_wconf 68' lang='lat' dir='ltr'><strong>discesserit,</strong></span> <span class='ocrx_word' id='word_1_172' title='bbox 989 1629 1032 1682; x_wconf 88' lang='lat' dir='ltr'><strong>vel</strong></span> <span class='ocrx_word' id='word_1_173' title='bbox 1048 1627 1178 1685; x_wconf 78' lang='lat' dir='ltr'><strong>Ascanius</strong></span> <span class='ocrx_word' id='word_1_174' title='bbox 1202 1694 1205 1699; x_wconf 32' lang='grc' dir='ltr'>Ι</span> 
     </span>
     <span class='ocr_line' id='line_1_20' title="bbox 144 1696 1177 1767; baseline -0.003 -18"><span class='ocrx_word' id='word_1_175' title='bbox 144 1699 180 1750; x_wconf 88' lang='lat' dir='ltr'><strong>sit</strong></span> <span class='ocrx_word' id='word_1_176' title='bbox 196 1716 327 1752; x_wconf 85' lang='lat' dir='ltr'><strong>reversus.</strong></span> <span class='ocrx_word' id='word_1_177' title='bbox 344 1727 379 1737; x_wconf 93' lang='lat'><em>-</em></span> <span class='ocrx_word' id='word_1_178' title='bbox 413 1704 474 1758; x_wconf 80' lang='lat'><strong>594.</strong></span> <span class='ocrx_word' id='word_1_179' title='bbox 491 1701 575 1751; x_wconf 84' lang='lat' dir='ltr'><strong>Arma</strong></span> <span class='ocrx_word' id='word_1_180' title='bbox 594 1700 763 1765; x_wconf 61' lang='lat' dir='ltr'><strong>inspectam</strong></span> <span class='ocrx_word' id='word_1_181' title='bbox 781 1707 828 1750; x_wconf 83' lang='lat' dir='ltr'><strong>aut</strong></span> <span class='ocrx_word' id='word_1_182' title='bbox 844 1700 1012 1762; x_wconf 82' lang='lat' dir='ltr'><strong>indetrecta,</strong></span> <span class='ocrx_word' id='word_1_183' title='bbox 1029 1707 1077 1749; x_wconf 84' lang='lat' dir='ltr'><strong>eut</strong></span> <span class='ocrx_word' id='word_1_184' title='bbox 1092 1696 1177 1767; x_wconf 79' lang='lat' dir='ltr'><strong>ipsius</strong></span> 
     </span>
     <span class='ocr_line' id='line_1_21' title="bbox 144 1759 1178 1845; baseline -0.005 -23"><span class='ocrx_word' id='word_1_185' title='bbox 144 1762 306 1838; x_wconf 75' lang='lat' dir='ltr'><strong>inspolis&#39;tae</strong></span> <span class='ocrx_word' id='word_1_186' title='bbox 323 1769 477 1837; x_wconf 87' lang='lat' dir='ltr'><strong>[Camillae.</strong></span> <span class='ocrx_word' id='word_1_187' title='bbox 510 1768 674 1833; x_wconf 81' lang='lat' dir='ltr'><strong>Potrineque</strong></span> <span class='ocrx_word' id='word_1_188' title='bbox 693 1785 840 1834; x_wconf 76' lang='lat' dir='ltr'><strong>reponnm5</strong></span> <span class='ocrx_word' id='word_1_189' title='bbox 863 1768 917 1818; x_wconf 92' lang='lat' dir='ltr'><strong>boc</strong></span> <span class='ocrx_word' id='word_1_190' title='bbox 934 1768 1021 1825; x_wconf 85' lang='lat' dir='ltr'><strong>estin</strong></span> <span class='ocrx_word' id='word_1_191' title='bbox 1037 1759 1178 1845; x_wconf 65' lang='lat' dir='ltr'><strong>patriam-l</strong></span> 
     </span>
     <span class='ocr_line' id='line_1_22' title="bbox 144 1833 1177 1905; baseline -0.004 -17"><span class='ocrx_word' id='word_1_192' title='bbox 144 1861 180 1876; x_wconf 87' lang='lat'>-</span> <span class='ocrx_word' id='word_1_193' title='bbox 215 1843 274 1896; x_wconf 81' lang='grc'><strong>596.</strong></span> <span class='ocrx_word' id='word_1_194' title='bbox 291 1836 383 1905; x_wconf 82' lang='lat' dir='ltr'><strong>Nigro</strong></span> <span class='ocrx_word' id='word_1_195' title='bbox 403 1839 575 1889; x_wconf 84' lang='lat' dir='ltr'><strong>circumdate</strong></span> <span class='ocrx_word' id='word_1_196' title='bbox 601 1837 712 1894; x_wconf 78' lang='lat' dir='ltr'><strong>turbine</strong></span> <span class='ocrx_word' id='word_1_197' title='bbox 730 1853 846 1903; x_wconf 80' lang='lat' dir='ltr'><strong>corpus3</strong></span> <span class='ocrx_word' id='word_1_198' title='bbox 873 1837 937 1905; x_wconf 90' lang='lat' dir='ltr'><strong>[hoc</strong></span> <span class='ocrx_word' id='word_1_199' title='bbox 959 1834 1033 1901; x_wconf 89' lang='lat' dir='ltr'><strong>ideo]</strong></span> <span class='ocrx_word' id='word_1_200' title='bbox 1058 1838 1124 1904; x_wconf 83' lang='lat' dir='ltr'><strong>quia</strong></span> <span class='ocrx_word' id='word_1_201' title='bbox 1140 1833 1177 1885; x_wconf 78' lang='lat' dir='ltr'><strong>sd</strong></span> 
     </span>
     <span class='ocr_line' id='line_1_23' title="bbox 145 1899 1177 1975; baseline -0.003 -20"><span class='ocrx_word' id='word_1_202' title='bbox 145 1920 305 1958; x_wconf 84' lang='lat' dir='ltr'><strong>moerorem</strong></span> <span class='ocrx_word' id='word_1_203' title='bbox 321 1906 479 1975; x_wconf 81' lang='lat' dir='ltr'><strong>luctumque</strong></span> <span class='ocrx_word' id='word_1_204' title='bbox 495 1905 645 1960; x_wconf 84' lang='lat' dir='ltr'><strong>descendit.</strong></span> <span class='ocrx_word' id='word_1_205' title='bbox 677 1905 781 1956; x_wconf 84' lang='lat' dir='ltr'><strong>Contra</strong></span> <span class='ocrx_word' id='word_1_206' title='bbox 797 1904 829 1957; x_wconf 87' lang='lat' dir='ltr'><strong>in</strong></span> <span class='ocrx_word' id='word_1_207' title='bbox 845 1914 940 1958; x_wconf 78' lang='lat' dir='ltr'><strong>octavo</strong></span> <span class='ocrx_word' id='word_1_208' title='bbox 958 1906 1058 1972; x_wconf 53' lang='lat'><strong>(508),</strong></span> <span class='ocrx_word' id='word_1_209' title='bbox 1074 1905 1124 1956; x_wconf 89' lang='lat' dir='ltr'><strong>ubi</strong></span> <span class='ocrx_word' id='word_1_210' title='bbox 1141 1899 1177 1953; x_wconf 85' lang='lat' dir='ltr'><strong>ad</strong></span> 
     </span>
     <span class='ocr_line' id='line_1_24' title="bbox 143 1969 1175 2040; baseline -0.008 -12"><span class='ocrx_word' id='word_1_211' title='bbox 143 1973 279 2028; x_wconf 78' lang='lat' dir='ltr'><strong>laetitiam</strong></span> <span class='ocrx_word' id='word_1_212' title='bbox 295 1969 435 2029; x_wconf 88' lang='lat' dir='ltr'><strong>descendit</strong></span> <span class='ocrx_word' id='word_1_213' title='bbox 451 1977 558 2040; x_wconf 87' lang='lat' dir='ltr'><strong>Venus,</strong></span> <span class='ocrx_word' id='word_1_214' title='bbox 581 1974 656 2027; x_wconf 90' lang='lat' dir='ltr'><strong>claro</strong></span> <span class='ocrx_word' id='word_1_215' title='bbox 674 1990 738 2027; x_wconf 82' lang='lat' dir='ltr'><strong>eam</strong></span> <span class='ocrx_word' id='word_1_216' title='bbox 760 1972 858 2025; x_wconf 87' lang='lat' dir='ltr'><strong>nimbo</strong></span> <span class='ocrx_word' id='word_1_217' title='bbox 876 1973 1077 2026; x_wconf 73' lang='lat' dir='ltr'><strong>circumdatam</strong></span> <span class='ocrx_word' id='word_1_218' title='bbox 1094 1971 1175 2026; x_wconf 82' lang='lat' dir='ltr'><strong>dicit:</strong></span> 
     </span>
     <span class='ocr_line' id='line_1_25' title="bbox 144 2041 1176 2108; baseline -0.003 -13"><span class='ocrx_word' id='word_1_219' title='bbox 144 2050 190 2096; x_wconf 87' lang='lat' dir='ltr'><strong>ut:</strong></span> <span class='ocrx_word' id='word_1_220' title='bbox 213 2043 247 2093; x_wconf 87' lang='lat' dir='ltr'><strong>At</strong></span> <span class='ocrx_word' id='word_1_221' title='bbox 267 2043 361 2099; x_wconf 78' lang='lat' dir='ltr'><strong>Venus</strong></span> <span class='ocrx_word' id='word_1_222' title='bbox 379 2043 517 2096; x_wconf 82' lang='lat' dir='ltr'><strong>aetherios</strong></span> <span class='ocrx_word' id='word_1_223' title='bbox 535 2046 608 2095; x_wconf 84' lang='lat' dir='ltr'><strong>inter</strong></span> <span class='ocrx_word' id='word_1_224' title='bbox 626 2043 676 2095; x_wconf 80' lang='lat' dir='ltr'><strong>dea</strong></span> <span class='ocrx_word' id='word_1_225' title='bbox 702 2043 825 2095; x_wconf 82' lang='lat' dir='ltr'><strong>condida</strong></span> <span class='ocrx_word' id='word_1_226' title='bbox 844 2043 963 2093; x_wconf 83' lang='lat' dir='ltr'><strong>nimbos.</strong></span> <span class='ocrx_word' id='word_1_227' title='bbox 980 2067 1015 2079; x_wconf 92' lang='lat'><em>-</em></span> <span class='ocrx_word' id='word_1_228' title='bbox 1049 2046 1111 2102; x_wconf 80' lang='lat'><strong>597.</strong></span> <span class='ocrx_word' id='word_1_229' title='bbox 1128 2041 1176 2108; x_wconf 74' lang='lat' dir='ltr'><strong>[At</strong></span> 
     </span>
     <span class='ocr_line' id='line_1_26' title="bbox 145 2109 1176 2178; baseline -0.003 -15"><span class='ocrx_word' id='word_1_230' title='bbox 145 2129 248 2170; x_wconf 81' lang='lat' dir='ltr'><strong>monus</strong></span> <span class='ocrx_word' id='word_1_231' title='bbox 266 2115 390 2172; x_wconf 82' lang='lat' dir='ltr'><strong>intereo3</strong></span> <span class='ocrx_word' id='word_1_232' title='bbox 410 2113 440 2163; x_wconf 89' lang='lat' dir='ltr'><strong>in</strong></span> <span class='ocrx_word' id='word_1_233' title='bbox 457 2120 515 2163; x_wconf 88' lang='lat' dir='ltr'><strong>tota</strong></span> <span class='ocrx_word' id='word_1_234' title='bbox 531 2111 584 2164; x_wconf 89' lang='lat' dir='ltr'><strong>hoc</strong></span> <span class='ocrx_word' id='word_1_235' title='bbox 601 2111 786 2178; x_wconf 81' lang='lat' dir='ltr'><strong>descriptione</strong></span> <span class='ocrx_word' id='word_1_236' title='bbox 802 2110 965 2162; x_wconf 88' lang='lat' dir='ltr'><strong>historicum</strong></span> <span class='ocrx_word' id='word_1_237' title='bbox 983 2109 1176 2163; x_wconf 73' lang='lat' dir='ltr'><strong>characterem</strong></span> 
     </span>
     <span class='ocr_line' id='line_1_27' title="bbox 144 2177 1176 2252; baseline -0.005 -19"><span class='ocrx_word' id='word_1_238' title='bbox 144 2181 252 2252; x_wconf 88' lang='lat' dir='ltr'><strong>po&#39;e&#39;tico</strong></span> <span class='ocrx_word' id='word_1_239' title='bbox 276 2179 392 2247; x_wconf 76' lang='lat' dir='ltr'><strong>miscet]</strong></span> <span class='ocrx_word' id='word_1_240' title='bbox 414 2206 449 2219; x_wconf 90' lang='lat'><em>-</em></span> <span class='ocrx_word' id='word_1_241' title='bbox 495 2185 556 2238; x_wconf 78' lang='grc'><strong>598.</strong></span> <span class='ocrx_word' id='word_1_242' title='bbox 578 2180 745 2246; x_wconf 81' lang='lat' dir='ltr'><strong>Etruscique</strong></span> <span class='ocrx_word' id='word_1_243' title='bbox 769 2181 869 2244; x_wconf 82' lang='lat' dir='ltr'><strong>duces,-</strong></span> <span class='ocrx_word' id='word_1_244' title='bbox 894 2177 1005 2230; x_wconf 82' lang='lat' dir='ltr'><strong>Etruria</strong></span> <span class='ocrx_word' id='word_1_245' title='bbox 1028 2179 1104 2229; x_wconf 79' lang='lat' dir='ltr'><strong>dicta</strong></span> <span class='ocrx_word' id='word_1_246' title='bbox 1127 2183 1176 2241; x_wconf 81' lang='lat' dir='ltr'><strong>eet,</strong></span> 
     </span>
     <span class='ocr_line' id='line_1_28' title="bbox 164 2245 1175 2317; baseline -0.003 -17"><span class='ocrx_word' id='word_1_247' title='bbox 164 2249 218 2306; x_wconf 77' lang='lat' dir='ltr'><strong>uod</strong></span> <span class='ocrx_word' id='word_1_248' title='bbox 235 2249 293 2301; x_wconf 82' lang='lat' dir='ltr'><strong>eius</strong></span> <span class='ocrx_word' id='word_1_249' title='bbox 309 2249 376 2301; x_wconf 85' lang='lat' dir='ltr'><strong>fines</strong></span> <span class='ocrx_word' id='word_1_250' title='bbox 391 2247 576 2302; x_wconf 79' lang='lat' dir='ltr'><strong>tendebantur</strong></span> <span class='ocrx_word' id='word_1_251' title='bbox 594 2249 639 2311; x_wconf 85' lang='lat' dir='ltr'><strong>(al.</strong></span> <span class='ocrx_word' id='word_1_252' title='bbox 655 2247 752 2309; x_wconf 85' lang='lat' dir='ltr'><strong>teneb.)</strong></span> <span class='ocrx_word' id='word_1_253' title='bbox 769 2263 855 2317; x_wconf 87' lang='lat' dir='ltr'><strong>usque</strong></span> <span class='ocrx_word' id='word_1_254' title='bbox 871 2245 906 2300; x_wconf 89' lang='lat' dir='ltr'><strong>ad</strong></span> <span class='ocrx_word' id='word_1_255' title='bbox 923 2246 1066 2316; x_wconf 77' lang='lat' dir='ltr'><strong>[primam]</strong></span> <span class='ocrx_word' id='word_1_256' title='bbox 1081 2246 1175 2313; x_wconf 75' lang='lat' dir='ltr'><strong>ripam</strong></span> 
     </span>
     <span class='ocr_line' id='line_1_29' title="bbox 170 2312 1174 2389; baseline -0.004 -21"><span class='ocrx_word' id='word_1_257' title='bbox 170 2312 254 2369; x_wconf 85' lang='lat' dir='ltr'><strong>iberis</strong></span> <span class='ocrx_word' id='word_1_258' title='bbox 282 2318 329 2385; x_wconf 90' lang='lat' dir='ltr'><strong>[et</strong></span> <span class='ocrx_word' id='word_1_259' title='bbox 351 2334 401 2388; x_wconf 90' lang='lat' dir='ltr'><strong>per</strong></span> <span class='ocrx_word' id='word_1_260' title='bbox 424 2334 561 2386; x_wconf 84' lang='lat' dir='ltr'><strong>syncopen</strong></span> <span class='ocrx_word' id='word_1_261' title='bbox 585 2312 767 2389; x_wconf 55' lang='lat' dir='ltr'><strong>‘Brooioeod</strong></span> <span class='ocrx_word' id='word_1_262' title='bbox 797 2316 874 2385; x_wconf 82' lang='lat' dir='ltr'><strong>qussi</strong></span> <span class='ocrx_word' id='word_1_263' title='bbox 900 2314 1048 2384; x_wconf 76' lang='grc' dir='ltr'><strong>ἕτεροὺρεα.</strong></span> <span class='ocrx_word' id='word_1_264' title='bbox 1101 2314 1174 2365; x_wconf 77' lang='lat' dir='ltr'><strong>Nem</strong></span> 
     </span>
     <span class='ocr_line' id='line_1_30' title="bbox 144 2378 1175 2456; baseline -0.009 -16"><span class='ocrx_word' id='word_1_265' title='bbox 144 2385 236 2456; x_wconf 75' lang='grc' dir='ltr'><strong><em>ἕτερον</em></strong></span> <span class='ocrx_word' id='word_1_266' title='bbox 261 2394 302 2438; x_wconf 87' lang='lat' dir='ltr'><strong>est</strong></span> <span class='ocrx_word' id='word_1_267' title='bbox 324 2386 460 2451; x_wconf 71' lang='lat' dir='ltr'><strong>alienun,</strong></span> <span class='ocrx_word' id='word_1_268' title='bbox 489 2394 519 2438; x_wconf 92' lang='lat' dir='ltr'><strong>et</strong></span> <span class='ocrx_word' id='word_1_269' title='bbox 542 2378 604 2456; x_wconf 69' lang='grc' dir='ltr'><strong>ὅρος</strong></span> <span class='ocrx_word' id='word_1_270' title='bbox 626 2387 687 2438; x_wconf 85' lang='lat' dir='ltr'><strong>finis</strong></span> <span class='ocrx_word' id='word_1_271' title='bbox 710 2393 832 2438; x_wconf 82' lang='lat' dir='ltr'><strong>vocatur.</strong></span> <span class='ocrx_word' id='word_1_272' title='bbox 878 2383 969 2435; x_wconf 83' lang='lat' dir='ltr'><strong>Roma</strong></span> <span class='ocrx_word' id='word_1_273' title='bbox 993 2385 1068 2441; x_wconf 85' lang='lat' dir='ltr'><strong>enim</strong></span> <span class='ocrx_word' id='word_1_274' title='bbox 1091 2390 1175 2438; x_wconf 80' lang='lat' dir='ltr'><strong>entes</strong></span> 
     </span>
     <span class='ocr_line' id='line_1_31' title="bbox 144 2451 1173 2523; baseline 0 -20"><span class='ocrx_word' id='word_1_275' title='bbox 144 2470 230 2512; x_wconf 83' lang='lat' dir='ltr'><strong>unam</strong></span> <span class='ocrx_word' id='word_1_276' title='bbox 253 2460 362 2519; x_wconf 76' lang='lat' dir='ltr'><strong>tantum</strong></span> <span class='ocrx_word' id='word_1_277' title='bbox 386 2453 496 2506; x_wconf 88' lang='lat' dir='ltr'><strong>Tiberis</strong></span> <span class='ocrx_word' id='word_1_278' title='bbox 520 2454 613 2523; x_wconf 82' lang='lat' dir='ltr'><strong>ripam</strong></span> <span class='ocrx_word' id='word_1_279' title='bbox 637 2455 759 2510; x_wconf 74' lang='lat' dir='ltr'><strong>tenebat.</strong></span> <span class='ocrx_word' id='word_1_280' title='bbox 798 2452 929 2504; x_wconf 85' lang='lat' dir='ltr'><strong>Iuvenalis</strong></span> <span class='ocrx_word' id='word_1_281' title='bbox 953 2458 1003 2516; x_wconf 90' lang='grc'><strong>(8,</strong></span> <span class='ocrx_word' id='word_1_282' title='bbox 1019 2451 1114 2514; x_wconf 77' lang='lat'>264.):</span> <span class='ocrx_word' id='word_1_283' title='bbox 1138 2451 1173 2503; x_wconf 74' lang='lat' dir='ltr'><strong>Et</strong></span> 
     </span>
     <span class='ocr_line' id='line_1_32' title="bbox 145 2517 1171 2591; baseline -0.005 -18"><span class='ocrx_word' id='word_1_284' title='bbox 145 2541 215 2590; x_wconf 74' lang='lat' dir='ltr'><strong>quoe</strong></span> <span class='ocrx_word' id='word_1_285' title='bbox 233 2524 347 2588; x_wconf 85' lang='lat' dir='ltr'><strong>imperii</strong></span> <span class='ocrx_word' id='word_1_286' title='bbox 363 2522 441 2591; x_wconf 77' lang='lat' dir='ltr'><strong>fines</strong></span> <span class='ocrx_word' id='word_1_287' title='bbox 460 2522 633 2591; x_wconf 82' lang='lat' dir='ltr'><strong>Tyberinum</strong></span> <span class='ocrx_word' id='word_1_288' title='bbox 657 2527 738 2591; x_wconf 82' lang='lat' dir='ltr'><strong>virgo</strong></span> <span class='ocrx_word' id='word_1_289' title='bbox 764 2523 874 2584; x_wconf 73' lang='lat' dir='ltr'><strong>notauit</strong></span> <span class='ocrx_word' id='word_1_290' title='bbox 899 2520 942 2586; x_wconf 86' lang='lat' dir='ltr'><strong>(L.</strong></span> <span class='ocrx_word' id='word_1_291' title='bbox 961 2521 1041 2577; x_wconf 81' lang='lat' dir='ltr'><strong>Febr.</strong></span> <span class='ocrx_word' id='word_1_292' title='bbox 1060 2517 1171 2580; x_wconf 76' lang='lat' dir='ltr'><strong>notan).</strong></span> 
     </span>
    </p>
   </div>
   <div class='ocr_carea' id='block_1_3' title="bbox 143 2587 1171 2711">
    <p class='ocr_par' dir='ltr' id='par_1_3' title="bbox 143 2587 1171 2711">
     <span class='ocr_line' id='line_1_33' title="bbox 143 2587 1171 2711; baseline -0.006 -69"><span class='ocrx_word' id='word_1_293' title='bbox 143 2591 275 2709; x_wconf 45' lang='lat' dir='ltr'><strong>{luridam</strong></span> <span class='ocrx_word' id='word_1_294' title='bbox 299 2607 365 2644; x_wconf 79' lang='lat' dir='ltr'><strong>sene</strong></span> <span class='ocrx_word' id='word_1_295' title='bbox 389 2599 418 2642; x_wconf 82' lang='lat' dir='ltr'><strong>et</strong></span> <span class='ocrx_word' id='word_1_296' title='bbox 440 2592 501 2642; x_wconf 87' lang='lat' dir='ltr'><strong>ruri</strong></span> <span class='ocrx_word' id='word_1_297' title='bbox 524 2591 695 2711; x_wconf 53' lang='lat' dir='ltr'><strong>(Etrurigue)</strong></span> <span class='ocrx_word' id='word_1_298' title='bbox 718 2592 814 2659; x_wconf 79' lang='lat' dir='ltr'><strong>legunt</strong></span> <span class='ocrx_word' id='word_1_299' title='bbox 837 2590 872 2640; x_wconf 88' lang='lat' dir='ltr'><strong>ab</strong></span> <span class='ocrx_word' id='word_1_300' title='bbox 897 2591 984 2641; x_wconf 78' lang='lat' dir='ltr'><strong>enrrie</strong></span> <span class='ocrx_word' id='word_1_301' title='bbox 1007 2594 1075 2640; x_wconf 82' lang='lat' dir='ltr'><strong>trus.</strong></span> <span class='ocrx_word' id='word_1_302' title='bbox 1092 2591 1106 2620; x_wconf 78' lang='grc'>*</span> <span class='ocrx_word' id='word_1_303' title='bbox 1123 2587 1171 2651; x_wconf 84' lang='lat' dir='ltr'><strong>(ab</strong></span> 
     </span>
    </p>
   </div>
   <div class='ocr_carea' id='block_1_4' title="bbox 138 2655 1175 4027">
    <p class='ocr_par' dir='ltr' id='par_1_4' title="bbox 138 2655 1175 4027">
     <span class='ocr_line' id='line_1_34' title="bbox 169 2655 1174 2726; baseline -0.004 -17"><span class='ocrx_word' id='word_1_304' title='bbox 169 2659 277 2723; x_wconf 87' lang='lat' dir='ltr'><strong>trurus)</strong></span> <span class='ocrx_word' id='word_1_305' title='bbox 294 2667 369 2711; x_wconf 85' lang='lat' dir='ltr'><strong>trans</strong></span> <span class='ocrx_word' id='word_1_306' title='bbox 386 2658 518 2726; x_wconf 76' lang='lat' dir='ltr'><strong>Tyberim</strong></span> <span class='ocrx_word' id='word_1_307' title='bbox 536 2661 612 2719; x_wconf 88' lang='lat' dir='ltr'><strong>enim</strong></span> <span class='ocrx_word' id='word_1_308' title='bbox 652 2663 772 2716; x_wconf 77' lang='lat' dir='ltr'><strong>esuriem</strong></span> <span class='ocrx_word' id='word_1_309' title='bbox 789 2657 932 2720; x_wconf 86' lang='lat' dir='ltr'><strong>dicebant,</strong></span> <span class='ocrx_word' id='word_1_310' title='bbox 947 2656 1074 2708; x_wconf 88' lang='lat' dir='ltr'><strong>homines</strong></span> <span class='ocrx_word' id='word_1_311' title='bbox 1091 2655 1174 2706; x_wconf 83' lang='lat' dir='ltr'><strong>Etru-</strong></span> 
     </span>
     <span class='ocr_line' id='line_1_35' title="bbox 145 2724 1174 2796; baseline -0.001 -18"><span class='ocrx_word' id='word_1_312' title='bbox 145 2745 205 2794; x_wconf 86' lang='lat' dir='ltr'><strong>ros,</strong></span> <span class='ocrx_word' id='word_1_313' title='bbox 227 2743 295 2796; x_wconf 80' lang='lat' dir='ltr'><strong>quor</strong></span> <span class='ocrx_word' id='word_1_314' title='bbox 318 2744 393 2785; x_wconf 86' lang='lat' dir='ltr'><strong>nunc</strong></span> <span class='ocrx_word' id='word_1_315' title='bbox 415 2728 575 2796; x_wconf 73' lang='lat' dir='ltr'><strong>Etruscos]</strong></span> <span class='ocrx_word' id='word_1_316' title='bbox 600 2755 634 2768; x_wconf 90' lang='lat'><strong>·-</strong></span> <span class='ocrx_word' id='word_1_317' title='bbox 681 2735 742 2789; x_wconf 78' lang='lat'>599.</span> <span class='ocrx_word' id='word_1_318' title='bbox 766 2727 920 2795; x_wconf 80' lang='lat' dir='ltr'><strong>Composin&#39;</strong></span> <span class='ocrx_word' id='word_1_319' title='bbox 943 2742 1058 2778; x_wconf 88' lang='lat' dir='ltr'><strong>numero</strong></span> <span class='ocrx_word' id='word_1_320' title='bbox 1066 2748 1077 2788; x_wconf 90' lang='lat'><strong>,·</strong></span> <span class='ocrx_word' id='word_1_321' title='bbox 1106 2724 1126 2775; x_wconf 88' lang='lat' dir='ltr'><strong>i.</strong></span> <span class='ocrx_word' id='word_1_322' title='bbox 1150 2741 1174 2778; x_wconf 80' lang='lat' dir='ltr'><strong>e.</strong></span> 
     </span>
     <span class='ocr_line' id='line_1_36' title="bbox 143 2792 1175 2876; baseline -0.007 -27"><span class='ocrx_word' id='word_1_323' title='bbox 143 2797 265 2876; x_wconf 71' lang='lat' dir='ltr'><strong>[requeti</strong></span> <span class='ocrx_word' id='word_1_324' title='bbox 288 2794 417 2862; x_wconf 83' lang='lat' dir='ltr'><strong>numero]</strong></span> <span class='ocrx_word' id='word_1_325' title='bbox 438 2797 654 2857; x_wconf 61' lang='lat' dir='ltr'><strong>rationabiliter:</strong></span> <span class='ocrx_word' id='word_1_326' title='bbox 680 2798 752 2852; x_wconf 87' lang='lat' dir='ltr'><strong>unde</strong></span> <span class='ocrx_word' id='word_1_327' title='bbox 775 2803 804 2847; x_wconf 89' lang='lat' dir='ltr'><strong>et</strong></span> <span class='ocrx_word' id='word_1_328' title='bbox 827 2810 1023 2862; x_wconf 78' lang='lat' dir='ltr'><strong>saepenumero</strong></span> <span class='ocrx_word' id='word_1_329' title='bbox 1046 2792 1175 2856; x_wconf 85' lang='lat' dir='ltr'><strong>dicimus,</strong></span> 
     </span>
     <span class='ocr_line' id='line_1_37' title="bbox 141 2859 1173 2934; baseline -0.002 -18"><span class='ocrx_word' id='word_1_330' title='bbox 141 2881 161 2916; x_wconf 80' lang='grc' dir='ltr'><strong>ι.</strong></span> <span class='ocrx_word' id='word_1_331' title='bbox 178 2882 218 2933; x_wconf 89' lang='lat' dir='ltr'><strong>e.,</strong></span> <span class='ocrx_word' id='word_1_332' title='bbox 239 2865 400 2934; x_wconf 78' lang='lat' dir='ltr'><strong>frequenter</strong></span> <span class='ocrx_word' id='word_1_333' title='bbox 424 2871 453 2918; x_wconf 89' lang='lat' dir='ltr'><strong>et</strong></span> <span class='ocrx_word' id='word_1_334' title='bbox 474 2866 683 2926; x_wconf 75' lang='lat' dir='ltr'><strong>rationabiliter.</strong></span> <span class='ocrx_word' id='word_1_335' title='bbox 721 2864 793 2918; x_wconf 88' lang='lat' dir='ltr'><strong>Hinc</strong></span> <span class='ocrx_word' id='word_1_336' title='bbox 818 2871 858 2915; x_wconf 85' lang='lat' dir='ltr'><strong>est</strong></span> <span class='ocrx_word' id='word_1_337' title='bbox 881 2863 930 2929; x_wconf 82' lang='lat' dir='ltr'><strong>(E.</strong></span> <span class='ocrx_word' id='word_1_338' title='bbox 948 2869 980 2928; x_wconf 82' lang='grc'><strong>6,</strong></span> <span class='ocrx_word' id='word_1_339' title='bbox 997 2861 1066 2927; x_wconf 84' lang='lat'><strong>27.):</strong></span> <span class='ocrx_word' id='word_1_340' title='bbox 1098 2859 1173 2916; x_wconf 82' lang='lat' dir='ltr'><strong>Tum</strong></span> 
     </span>
     <span class='ocr_line' id='line_1_38' title="bbox 142 2929 1175 2999; baseline -0.014 -6"><span class='ocrx_word' id='word_1_341' title='bbox 142 2951 207 2992; x_wconf 77' lang='lat' dir='ltr'><strong>vero</strong></span> <span class='ocrx_word' id='word_1_342' title='bbox 234 2936 265 2992; x_wconf 80' lang='lat' dir='ltr'><strong>in.</strong></span> <span class='ocrx_word' id='word_1_343' title='bbox 290 2950 451 2999; x_wconf 85' lang='lat' dir='ltr'><strong>numerum,</strong></span> <span class='ocrx_word' id='word_1_344' title='bbox 474 2934 492 2991; x_wconf 79' lang='lat' dir='ltr'><strong>i.</strong></span> <span class='ocrx_word' id='word_1_345' title='bbox 509 2952 533 2987; x_wconf 88' lang='lat' dir='ltr'><strong>e.</strong></span> <span class='ocrx_word' id='word_1_346' title='bbox 556 2938 585 2986; x_wconf 88' lang='lat' dir='ltr'><strong>in</strong></span> <span class='ocrx_word' id='word_1_347' title='bbox 608 2935 763 2997; x_wconf 84' lang='lat' dir='ltr'><strong>rationem,</strong></span> <span class='ocrx_word' id='word_1_348' title='bbox 785 2932 816 2983; x_wconf 90' lang='lat' dir='ltr'><strong>in</strong></span> <span class='ocrx_word' id='word_1_349' title='bbox 838 2930 1007 2999; x_wconf 80' lang='lat' dir='ltr'><strong>rhythmum.</strong></span> <span class='ocrx_word' id='word_1_350' title='bbox 1048 2929 1128 2981; x_wconf 85' lang='lat' dir='ltr'><strong>Unde</strong></span> <span class='ocrx_word' id='word_1_351' title='bbox 1145 2935 1175 2981; x_wconf 87' lang='lat' dir='ltr'><strong>et</strong></span> 
     </span>
     <span class='ocr_line' id='line_1_39' title="bbox 140 2998 1171 3070; baseline -0.004 -18"><span class='ocrx_word' id='word_1_352' title='bbox 140 3011 240 3068; x_wconf 86' lang='lat' dir='ltr'><strong>metra,</strong></span> <span class='ocrx_word' id='word_1_353' title='bbox 254 3019 385 3057; x_wconf 82' lang='lat' dir='ltr'><strong>numeros</strong></span> <span class='ocrx_word' id='word_1_354' title='bbox 397 3003 527 3057; x_wconf 87' lang='lat' dir='ltr'><strong>dicimus:</strong></span> <span class='ocrx_word' id='word_1_355' title='bbox 545 3011 577 3058; x_wconf 87' lang='lat' dir='ltr'><strong>nt</strong></span> <span class='ocrx_word' id='word_1_356' title='bbox 588 3003 630 3070; x_wconf 86' lang='lat' dir='ltr'><strong>(E.</strong></span> <span class='ocrx_word' id='word_1_357' title='bbox 638 3009 663 3069; x_wconf 83' lang='grc'><strong>9,</strong></span> <span class='ocrx_word' id='word_1_358' title='bbox 671 3003 740 3066; x_wconf 66' lang='grc' dir='ltr'>45.)ε</span> <span class='ocrx_word' id='word_1_359' title='bbox 757 2999 898 3055; x_wconf 82' lang='lat' dir='ltr'><strong>Numeros</strong></span> <span class='ocrx_word' id='word_1_360' title='bbox 911 3001 1035 3065; x_wconf 87' lang='lat' dir='ltr'><strong>memini,</strong></span> <span class='ocrx_word' id='word_1_361' title='bbox 1046 3000 1075 3049; x_wconf 86' lang='lat' dir='ltr'><strong>si</strong></span> <span class='ocrx_word' id='word_1_362' title='bbox 1086 2998 1171 3054; x_wconf 78' lang='lat' dir='ltr'><strong>uerbo</strong></span> 
     </span>
     <span class='ocr_line' id='line_1_40' title="bbox 141 3067 1171 3138; baseline -0.003 -16"><span class='ocrx_word' id='word_1_363' title='bbox 141 3084 269 3129; x_wconf 82' lang='lat' dir='ltr'><strong>tenerem.</strong></span> <span class='ocrx_word' id='word_1_364' title='bbox 303 3069 373 3123; x_wconf 80' lang='lat' dir='ltr'><strong>Sene</strong></span> <span class='ocrx_word' id='word_1_365' title='bbox 396 3071 479 3127; x_wconf 83' lang='lat' dir='ltr'><strong>modo</strong></span> <span class='ocrx_word' id='word_1_366' title='bbox 503 3072 638 3138; x_wconf 77' lang='lat' dir='ltr'><strong>generalis</strong></span> <span class='ocrx_word' id='word_1_367' title='bbox 663 3079 706 3125; x_wconf 89' lang='lat' dir='ltr'><strong>est</strong></span> <span class='ocrx_word' id='word_1_368' title='bbox 721 3069 869 3137; x_wconf 85' lang='lat' dir='ltr'><strong>descriptio</strong></span> <span class='ocrx_word' id='word_1_369' title='bbox 888 3068 1022 3135; x_wconf 77' lang='lat' dir='ltr'><strong>equestris</strong></span> <span class='ocrx_word' id='word_1_370' title='bbox 1039 3067 1171 3119; x_wconf 80' lang='lat' dir='ltr'><strong>certami-</strong></span> 
     </span>
     <span class='ocr_line' id='line_1_41' title="bbox 140 3136 1174 3210; baseline -0.005 -18"><span class='ocrx_word' id='word_1_371' title='bbox 140 3138 196 3192; x_wconf 84' lang='lat' dir='ltr'><strong>nis:</strong></span> <span class='ocrx_word' id='word_1_372' title='bbox 219 3139 301 3210; x_wconf 84' lang='lat' dir='ltr'><strong>paulu</strong></span> <span class='ocrx_word' id='word_1_373' title='bbox 326 3146 388 3204; x_wconf 86' lang='lat' dir='ltr'><strong>post</strong></span> <span class='ocrx_word' id='word_1_374' title='bbox 404 3140 544 3195; x_wconf 79' lang='lat' dir='ltr'><strong>descendit</strong></span> <span class='ocrx_word' id='word_1_375' title='bbox 558 3140 596 3195; x_wconf 79' lang='lat' dir='ltr'><strong>‘ed</strong></span> <span class='ocrx_word' id='word_1_376' title='bbox 613 3139 776 3210; x_wconf 79' lang='lat' dir='ltr'><strong>specialem,</strong></span> <span class='ocrx_word' id='word_1_377' title='bbox 800 3139 871 3192; x_wconf 86' lang='lat' dir='ltr'><strong>sicut</strong></span> <span class='ocrx_word' id='word_1_378' title='bbox 893 3137 959 3190; x_wconf 79' lang='lat' dir='ltr'><strong>feeit</strong></span> <span class='ocrx_word' id='word_1_379' title='bbox 981 3136 1010 3187; x_wconf 90' lang='lat' dir='ltr'><strong>in</strong></span> <span class='ocrx_word' id='word_1_380' title='bbox 1028 3136 1126 3202; x_wconf 78' lang='lat' dir='ltr'><strong>quinto</strong></span> <span class='ocrx_word' id='word_1_381' title='bbox 1145 3141 1174 3187; x_wconf 87' lang='lat' dir='ltr'><strong>et</strong></span> 
     </span>
     <span class='ocr_line' id='line_1_42' title="bbox 140 3203 1172 3271; baseline 0 -12"><span class='ocrx_word' id='word_1_382' title='bbox 140 3209 176 3262; x_wconf 88' lang='lat' dir='ltr'><strong>de</strong></span> <span class='ocrx_word' id='word_1_383' title='bbox 200 3206 357 3264; x_wconf 83' lang='lat' dir='ltr'><strong>cursoribus</strong></span> <span class='ocrx_word' id='word_1_384' title='bbox 379 3214 407 3260; x_wconf 88' lang='lat' dir='ltr'><strong>et</strong></span> <span class='ocrx_word' id='word_1_385' title='bbox 429 3208 463 3264; x_wconf 83' lang='lat' dir='ltr'><strong>de</strong></span> <span class='ocrx_word' id='word_1_386' title='bbox 486 3209 576 3266; x_wconf 84' lang='lat' dir='ltr'><strong>navali</strong></span> <span class='ocrx_word' id='word_1_387' title='bbox 599 3207 758 3261; x_wconf 85' lang='lat' dir='ltr'><strong>certamine.</strong></span> <span class='ocrx_word' id='word_1_388' title='bbox 782 3232 817 3243; x_wconf 90' lang='lat'>-</span> <span class='ocrx_word' id='word_1_389' title='bbox 857 3209 917 3261; x_wconf 81' lang='lat'>600.</span> <span class='ocrx_word' id='word_1_390' title='bbox 944 3203 1080 3271; x_wconf 54' lang='lat' dir='ltr'><strong>[Peterin</strong></span> <span class='ocrx_word' id='word_1_391' title='bbox 1104 3220 1172 3259; x_wconf 78' lang='lat' dir='ltr'><strong>cum</strong></span> 
     </span>
     <span class='ocr_line' id='line_1_43' title="bbox 140 3271 1171 3346; baseline -0.007 -19"><span class='ocrx_word' id='word_1_392' title='bbox 140 3274 256 3328; x_wconf 84' lang='lat' dir='ltr'><strong>habenis</strong></span> <span class='ocrx_word' id='word_1_393' title='bbox 272 3283 462 3344; x_wconf 80' lang='lat' dir='ltr'><strong>premeretur:</strong></span> <span class='ocrx_word' id='word_1_394' title='bbox 486 3289 596 3346; x_wconf 82' lang='lat' dir='ltr'><strong>pugnet</strong></span> <span class='ocrx_word' id='word_1_395' title='bbox 612 3284 707 3330; x_wconf 80' lang='lat' dir='ltr'><strong>eutem</strong></span> <span class='ocrx_word' id='word_1_396' title='bbox 722 3291 774 3346; x_wconf 88' lang='lat' dir='ltr'><strong>pro</strong></span> <span class='ocrx_word' id='word_1_397' title='bbox 793 3285 937 3340; x_wconf 78' lang='lat' dir='ltr'><strong>repugnat.</strong></span> <span class='ocrx_word' id='word_1_398' title='bbox 956 3300 990 3309; x_wconf 89' lang='lat'>—</span> <span class='ocrx_word' id='word_1_399' title='bbox 1023 3277 1086 3329; x_wconf 83' lang='lat'>601.</span> <span class='ocrx_word' id='word_1_400' title='bbox 1104 3271 1171 3329; x_wconf 58' lang='lat' dir='ltr'><strong>Fen</strong></span> 
     </span>
     <span class='ocr_line' id='line_1_44' title="bbox 141 3340 1174 3415; baseline 0.001 -24"><span class='ocrx_word' id='word_1_401' title='bbox 141 3361 207 3401; x_wconf 77' lang='lat' dir='ltr'><strong>reus</strong></span> <span class='ocrx_word' id='word_1_402' title='bbox 224 3342 331 3405; x_wconf 81' lang='lat' dir='ltr'><strong>hostis,·</strong></span> <span class='ocrx_word' id='word_1_403' title='bbox 349 3343 499 3415; x_wconf 78' lang='lat' dir='ltr'><strong>qsseeritur,</strong></span> <span class='ocrx_word' id='word_1_404' title='bbox 515 3346 582 3412; x_wconf 88' lang='lat' dir='ltr'><strong>quid</strong></span> <span class='ocrx_word' id='word_1_405' title='bbox 597 3347 633 3397; x_wconf 89' lang='lat' dir='ltr'><strong>sit</strong></span> <span class='ocrx_word' id='word_1_406' title='bbox 643 3344 772 3415; x_wconf 72' lang='lat' dir='ltr'><strong>ferreus,</strong></span> <span class='ocrx_word' id='word_1_407' title='bbox 788 3351 882 3399; x_wconf 77' lang='lat' dir='ltr'><strong>utrum</strong></span> <span class='ocrx_word' id='word_1_408' title='bbox 899 3342 1006 3399; x_wconf 82' lang='lat' dir='ltr'><strong>ferreus</strong></span> <span class='ocrx_word' id='word_1_409' title='bbox 1022 3356 1090 3408; x_wconf 85' lang='lat' dir='ltr'><strong>eger</strong></span> <span class='ocrx_word' id='word_1_410' title='bbox 1107 3340 1174 3392; x_wconf 58' lang='lat' dir='ltr'><strong>hoe</strong></span> 
     </span>
     <span class='ocr_line' id='line_1_45' title="bbox 139 3409 1175 3482; baseline -0.002 -20"><span class='ocrx_word' id='word_1_411' title='bbox 139 3419 186 3462; x_wconf 88' lang='lat' dir='ltr'><strong>ret</strong></span> <span class='ocrx_word' id='word_1_412' title='bbox 201 3410 300 3480; x_wconf 81' lang='lat' dir='ltr'><strong>hastis,</strong></span> <span class='ocrx_word' id='word_1_413' title='bbox 317 3429 354 3462; x_wconf 90' lang='lat' dir='ltr'><strong>an</strong></span> <span class='ocrx_word' id='word_1_414' title='bbox 370 3411 468 3464; x_wconf 78' lang='lat' dir='ltr'><strong>ferreis</strong></span> <span class='ocrx_word' id='word_1_415' title='bbox 484 3413 570 3472; x_wconf 85' lang='lat' dir='ltr'><strong>hastis</strong></span> <span class='ocrx_word' id='word_1_416' title='bbox 586 3430 654 3482; x_wconf 86' lang='lat' dir='ltr'><strong>ager</strong></span> <span class='ocrx_word' id='word_1_417' title='bbox 670 3409 804 3476; x_wconf 75' lang='lat' dir='ltr'><strong>borreti]</strong></span> <span class='ocrx_word' id='word_1_418' title='bbox 833 3409 942 3462; x_wconf 74' lang='lat' dir='ltr'><strong>&#39;Horret</strong></span> <span class='ocrx_word' id='word_1_419' title='bbox 958 3409 1073 3478; x_wconf 88' lang='lat' dir='ltr'><strong>[autem]</strong></span> <span class='ocrx_word' id='word_1_420' title='bbox 1091 3409 1175 3462; x_wconf 85' lang='lat' dir='ltr'><strong>terri·¹</strong></span> 
     </span>
     <span class='ocr_line' id='line_1_46' title="bbox 141 3478 1173 3548; baseline -0.002 -18"><span class='ocrx_word' id='word_1_421' title='bbox 141 3479 203 3536; x_wconf 73' lang='lat' dir='ltr'><strong>bilis</strong></span> <span class='ocrx_word' id='word_1_422' title='bbox 220 3485 273 3538; x_wconf 77' lang='lat' dir='ltr'><strong>est3</strong></span> <span class='ocrx_word' id='word_1_423' title='bbox 291 3487 331 3528; x_wconf 89' lang='lat' dir='ltr'><strong>est</strong></span> <span class='ocrx_word' id='word_1_424' title='bbox 348 3485 441 3535; x_wconf 85' lang='lat' dir='ltr'><strong>autem</strong></span> <span class='ocrx_word' id='word_1_425' title='bbox 458 3497 550 3535; x_wconf 81' lang='lat' dir='ltr'><strong>versus</strong></span> <span class='ocrx_word' id='word_1_426' title='bbox 563 3483 704 3542; x_wconf 78' lang='lat' dir='ltr'><strong>Ennianus</strong></span> <span class='ocrx_word' id='word_1_427' title='bbox 719 3480 887 3548; x_wconf 81' lang='lat' dir='ltr'><strong>vituperatus</strong></span> <span class='ocrx_word' id='word_1_428' title='bbox 905 3497 921 3536; x_wconf 79' lang='lat' dir='ltr'>a</span> <span class='ocrx_word' id='word_1_429' title='bbox 938 3478 1044 3530; x_wconf 88' lang='lat' dir='ltr'><strong>Lucilio</strong></span> <span class='ocrx_word' id='word_1_430' title='bbox 1062 3478 1173 3532; x_wconf 85' lang='lat' dir='ltr'><strong>dicente</strong></span> 
     </span>
     <span class='ocr_line' id='line_1_47' title="bbox 140 3546 1173 3615; baseline -0.013 -9"><span class='ocrx_word' id='word_1_431' title='bbox 140 3565 190 3615; x_wconf 79' lang='lat' dir='ltr'><strong>per</strong></span> <span class='ocrx_word' id='word_1_432' title='bbox 213 3546 384 3611; x_wconf 84' lang='lat' dir='ltr'><strong>irrisionem,</strong></span> <span class='ocrx_word' id='word_1_433' title='bbox 408 3564 473 3602; x_wconf 90' lang='lat' dir='ltr'><strong>eum</strong></span> <span class='ocrx_word' id='word_1_434' title='bbox 490 3549 614 3607; x_wconf 82' lang='lat' dir='ltr'><strong>debuisse</strong></span> <span class='ocrx_word' id='word_1_435' title='bbox 637 3550 729 3606; x_wconf 80' lang='lat' dir='ltr'><strong>dicore</strong></span> <span class='ocrx_word' id='word_1_436' title='bbox 747 3549 839 3601; x_wconf 80' lang='lat' dir='ltr'><strong>borres</strong></span> <span class='ocrx_word' id='word_1_437' title='bbox 863 3556 888 3596; x_wconf 83' lang='lat' dir='ltr'><strong>et</strong></span> <span class='ocrx_word' id='word_1_438' title='bbox 905 3549 986 3614; x_wconf 81' lang='lat' dir='ltr'><strong>alget.</strong></span> <span class='ocrx_word' id='word_1_439' title='bbox 1021 3547 1099 3603; x_wconf 84' lang='lat' dir='ltr'><strong>Unde</strong></span> <span class='ocrx_word' id='word_1_440' title='bbox 1116 3547 1173 3596; x_wconf 85' lang='lat' dir='ltr'><strong>Ho-.</strong></span> 
     </span>
     <span class='ocr_line' id='line_1_48' title="bbox 139 3613 1174 3686; baseline -0.008 -15"><span class='ocrx_word' id='word_1_441' title='bbox 139 3616 225 3672; x_wconf 67' lang='lat' dir='ltr'><strong>tutius</strong></span> <span class='ocrx_word' id='word_1_442' title='bbox 248 3615 282 3666; x_wconf 79' lang='lat' dir='ltr'><strong>de</strong></span> <span class='ocrx_word' id='word_1_443' title='bbox 306 3613 412 3670; x_wconf 71' lang='lat' dir='ltr'><strong>Lucilio</strong></span> <span class='ocrx_word' id='word_1_444' title='bbox 438 3616 746 3686; x_wconf 72' lang='lat' dir='ltr'><strong>(Serm.1,10,54.):</strong></span> <span class='ocrx_word' id='word_1_445' title='bbox 770 3616 836 3675; x_wconf 83' lang='lat' dir='ltr'><strong>Non</strong></span> <span class='ocrx_word' id='word_1_446' title='bbox 862 3617 933 3668; x_wconf 81' lang='lat' dir='ltr'><strong>ridet</strong></span> <span class='ocrx_word' id='word_1_447' title='bbox 958 3632 1055 3673; x_wconf 78' lang='lat' dir='ltr'><strong>versus</strong></span> <span class='ocrx_word' id='word_1_448' title='bbox 1079 3615 1174 3670; x_wconf 80' lang='lat' dir='ltr'><strong>Ennii</strong></span> 
     </span>
     <span class='ocr_line' id='line_1_49' title="bbox 141 3681 1173 3760; baseline -0.002 -25"><span class='ocrx_word' id='word_1_449' title='bbox 141 3685 279 3756; x_wconf 75' lang='lat' dir='ltr'><strong>gravitate</strong></span> <span class='ocrx_word' id='word_1_450' title='bbox 297 3686 474 3742; x_wconf 65' lang='lat' dir='ltr'><strong>minores,-</strong></span> <span class='ocrx_word' id='word_1_451' title='bbox 509 3693 571 3745; x_wconf 32' lang='grc'><strong>602,</strong></span> <span class='ocrx_word' id='word_1_452' title='bbox 598 3687 749 3760; x_wconf 75' lang='lat' dir='ltr'><strong>campique</strong></span> <span class='ocrx_word' id='word_1_453' title='bbox 774 3688 863 3737; x_wconf 81' lang='lat' dir='ltr'><strong>ermis</strong></span> <span class='ocrx_word' id='word_1_454' title='bbox 888 3686 1001 3753; x_wconf 46' lang='lat' dir='ltr'><strong>ordeum·</strong></span> <span class='ocrx_word' id='word_1_455' title='bbox 1029 3685 1057 3749; x_wconf 88' lang='lat' dir='ltr'><strong>[i.</strong></span> <span class='ocrx_word' id='word_1_456' title='bbox 1076 3681 1111 3748; x_wconf 84' lang='lat' dir='ltr'><strong>e.]</strong></span> <span class='ocrx_word' id='word_1_457' title='bbox 1128 3700 1173 3734; x_wconf 90' lang='lat' dir='ltr'><strong>re·</strong></span> 
     </span>
     <span class='ocr_line' id='line_1_50' title="bbox 138 3744 1173 3823; baseline 0.003 -21"><span class='ocrx_word' id='word_1_458' title='bbox 138 3752 289 3806; x_wconf 75' lang='lat' dir='ltr'><strong>splendent</strong></span> <span class='ocrx_word' id='word_1_459' title='bbox 324 3753 370 3820; x_wconf 84' lang='lat' dir='ltr'><strong>[Et</strong></span> <span class='ocrx_word' id='word_1_460' title='bbox 386 3755 531 3823; x_wconf 86' lang='lat' dir='ltr'><strong>Euripides</strong></span> <span class='ocrx_word' id='word_1_461' title='bbox 548 3755 578 3804; x_wconf 91' lang='lat' dir='ltr'><strong>in</strong></span> <span class='ocrx_word' id='word_1_462' title='bbox 596 3755 764 3810; x_wconf 79' lang='lat' dir='ltr'><strong>Phoenissis:</strong></span> <span class='ocrx_word' id='word_1_463' title='bbox 782 3750 852 3807; x_wconf 79' lang='lat' dir='ltr'><strong>need</strong></span> <span class='ocrx_word' id='word_1_464' title='bbox 869 3749 969 3815; x_wconf 75' lang='grc' dir='ltr'><strong><em>χαλκόν</em></strong></span> <span class='ocrx_word' id='word_1_465' title='bbox 987 3744 1059 3805; x_wconf 72' lang='lat' dir='ltr'><strong>sinor</strong></span> <span class='ocrx_word' id='word_1_466' title='bbox 1076 3749 1173 3805; x_wconf 73' lang='lat' dir='ltr'><strong>netur</strong></span> 
     </span>
     <span class='ocr_line' id='line_1_51' title="bbox 141 3816 1173 3886; baseline -0.001 -14"><span class='ocrx_word' id='word_1_467' title='bbox 141 3816 311 3884; x_wconf 68' lang='lat' dir='ltr'><strong>decederem]</strong></span> <span class='ocrx_word' id='word_1_468' title='bbox 329 3845 360 3857; x_wconf 76' lang='lat'><strong>·</strong></span> <span class='ocrx_word' id='word_1_469' title='bbox 401 3829 462 3880; x_wconf 76' lang='grc'><strong>603.</strong></span> <span class='ocrx_word' id='word_1_470' title='bbox 482 3822 642 3884; x_wconf 71' lang='lat' dir='ltr'><strong>celeresque</strong></span> <span class='ocrx_word' id='word_1_471' title='bbox 659 3822 760 3874; x_wconf 83' lang='lat' dir='ltr'><strong>Latini</strong></span> <span class='ocrx_word' id='word_1_472' title='bbox 766 3843 775 3886; x_wconf 76' lang='lat'>3</span> <span class='ocrx_word' id='word_1_473' title='bbox 800 3821 896 3874; x_wconf 84' lang='lat' dir='ltr'><strong>alludit</strong></span> <span class='ocrx_word' id='word_1_474' title='bbox 912 3824 948 3874; x_wconf 83' lang='lat' dir='ltr'><strong>ad</strong></span> <span class='ocrx_word' id='word_1_475' title='bbox 970 3823 1100 3874; x_wconf 88' lang='lat' dir='ltr'><strong>militiam</strong></span> <span class='ocrx_word' id='word_1_476' title='bbox 1116 3823 1173 3874; x_wconf 84' lang='lat' dir='ltr'><strong>Ro-</strong></span> 
     </span>
     <span class='ocr_line' id='line_1_52' title="bbox 141 3884 1173 3961; baseline -0.009 -13"><span class='ocrx_word' id='word_1_477' title='bbox 141 3905 270 3949; x_wconf 70' lang='lat' dir='ltr'><strong>manam:</strong></span> <span class='ocrx_word' id='word_1_478' title='bbox 286 3905 407 3959; x_wconf 77' lang='lat' dir='ltr'><strong>nemque</strong></span> <span class='ocrx_word' id='word_1_479' title='bbox 424 3899 453 3944; x_wconf 87' lang='lat' dir='ltr'><strong>et</strong></span> <span class='ocrx_word' id='word_1_480' title='bbox 468 3891 576 3961; x_wconf 85' lang='lat' dir='ltr'><strong>equites</strong></span> <span class='ocrx_word' id='word_1_481' title='bbox 592 3890 690 3947; x_wconf 83' lang='lat' dir='ltr'><strong>habuit</strong></span> <span class='ocrx_word' id='word_1_482' title='bbox 703 3891 854 3956; x_wconf 80' lang='lat' dir='ltr'><strong>Romulus,</strong></span> <span class='ocrx_word' id='word_1_483' title='bbox 871 3899 901 3942; x_wconf 92' lang='lat' dir='ltr'><strong>ut</strong></span> <span class='ocrx_word' id='word_1_484' title='bbox 916 3884 965 3953; x_wconf 83' lang='lat' dir='ltr'><strong>illo</strong></span> <span class='ocrx_word' id='word_1_485' title='bbox 980 3891 1096 3948; x_wconf 77' lang='lat' dir='ltr'><strong>diximus</strong></span> <span class='ocrx_word' id='word_1_486' title='bbox 1109 3891 1173 3943; x_wconf 88' lang='lat' dir='ltr'><strong>loco</strong></span> 
     </span>
     <span class='ocr_line' id='line_1_53' title="bbox 140 3959 1174 4027; baseline -0.002 -17"><span class='ocrx_word' id='word_1_487' title='bbox 140 3964 184 4024; x_wconf 75' lang='lat'><strong>(9,</strong></span> <span class='ocrx_word' id='word_1_488' title='bbox 201 3960 285 4020; x_wconf 76' lang='grc'><strong>370.);</strong></span> <span class='ocrx_word' id='word_1_489' title='bbox 310 3959 474 4013; x_wconf 82' lang='lat' dir='ltr'><strong>Tercentum</strong></span> <span class='ocrx_word' id='word_1_490' title='bbox 498 3961 603 4010; x_wconf 83' lang='lat' dir='ltr'><strong>scutati</strong></span> <span class='ocrx_word' id='word_1_491' title='bbox 628 3976 722 4017; x_wconf 87' lang='lat' dir='ltr'><strong>omnes</strong></span> <span class='ocrx_word' id='word_1_492' title='bbox 744 3959 887 4016; x_wconf 82' lang='lat' dir='ltr'><strong>Volscente</strong></span> <span class='ocrx_word' id='word_1_493' title='bbox 912 3962 1056 4027; x_wconf 80' lang='lat' dir='ltr'><strong>magistro.</strong></span> <span class='ocrx_word' id='word_1_494' title='bbox 1098 3959 1174 4027; x_wconf 88' lang='lat' dir='ltr'><strong>Quos</strong></span> 
     </span>
    </p>
   </div>
   <div class='ocr_carea' id='block_1_5' title="bbox 141 4027 1173 4104">
    <p class='ocr_par' dir='ltr' id='par_1_5' title="bbox 141 4027 1173 4104">
     <span class='ocr_line' id='line_1_54' title="bbox 141 4027 1173 4104; baseline 0.011 -28"><span class='ocrx_word' id='word_1_495' title='bbox 141 4027 241 4079; x_wconf 80' lang='lat' dir='ltr'><strong>celerer</strong></span> <span class='ocrx_word' id='word_1_496' title='bbox 258 4027 419 4098; x_wconf 73' lang='lat' dir='ltr'><strong>appellavit,</strong></span> <span class='ocrx_word' id='word_1_497' title='bbox 434 4029 477 4084; x_wconf 83' lang='lat' dir='ltr'><strong>vel</strong></span> <span class='ocrx_word' id='word_1_498' title='bbox 493 4042 510 4079; x_wconf 84' lang='lat' dir='ltr'><strong>a</strong></span> <span class='ocrx_word' id='word_1_499' title='bbox 528 4029 680 4096; x_wconf 79' lang='lat' dir='ltr'><strong>ceieritnte,</strong></span> <span class='ocrx_word' id='word_1_500' title='bbox 698 4027 741 4087; x_wconf 73' lang='lat' dir='ltr'><strong>nt</strong></span> <span class='ocrx_word' id='word_1_501' title='bbox 757 4045 775 4087; x_wconf 77' lang='lat' dir='ltr'><strong>t</strong></span> <span class='ocrx_word' id='word_1_502' title='bbox 791 4028 861 4088; x_wconf 79' lang='lat' dir='ltr'><strong>duct</strong></span> <span class='ocrx_word' id='word_1_503' title='bbox 881 4028 989 4095; x_wconf 73' lang='lat' dir='ltr'><strong>Celere,</strong></span> <span class='ocrx_word' id='word_1_504' title='bbox 1005 4029 1054 4104; x_wconf 76' lang='lat' dir='ltr'><strong>qu·</strong></span> <span class='ocrx_word' id='word_1_505' title='bbox 1071 4028 1173 4087; x_wconf 74' lang='lat' dir='ltr'><strong>dicitur</strong></span> 
     </span>
    </p>
   </div>
   <div class='ocr_carea' id='block_1_6' title="bbox 0 0 1220 4620">
    <p class='ocr_par' dir='ltr' id='par_1_6' title="bbox 0 0 1220 4620">
     <span class='ocr_line' id='line_1_55' title="bbox 0 0 1220 4620; baseline 0 2"><span class='ocrx_word' id='word_1_506' title='bbox 0 0 1220 4620; x_wconf 95' lang='lat' dir='ltr'><strong> </strong></span> 
     </span>
    </p>
   </div>
  </div>
 </body>
</html>
