2430 4620
127 279 191 343 100
384 270 525 338 ssnvu
549 254 910 340 conusussnrus
961 348 964 359 ,

128 458 208 512 tiam.
243 456 297 528 Qui
316 458 507 512 autem-dicit:
532 460 577 514 leo
589 455 692 514 'maior
708 470 751 515 est
766 478 850 516 cane:
873 468 903 515 et
924 460 1035 530 generis
1056 461 1126 513 iacit
1143 472 1170 512 et

131 530 330 598 magnitudinis
347 530 549 587 differentiam:
572 533 644 581 sicut
659 548 734 582 nunc
751 531 786 583 de
809 531 879 583 urbe
896 531 988 582 Roma
1005 532 1079 582 fecit.
1117 530 1169 580 Pu-

131 601 241 659 tabam,
257 599 361 667 inquit,
389 606 453 650 ante
471 598 510 649 ita
527 598 647 673 Romam
664 601 883 670 comparandam
900 616 958 652 esse
976 599 1036 652 aliis
1054 599 1170 650 civitati-

130 668 190 735 bus,
207 676 237 721 ut
253 669 322 721 solet
338 667 442 719 hoedus
456 683 559 737 caprae
568 671 745 737 &moutarn
763 684 831 722 nam
844 669 968 738 quamsit
985 669 1077 719 maior
1090 675 1169 731 esset,

41 766 44 774 ,
130 746 225 790 umen
241 754 306 790 eam
318 736 458 787 mvitatem
471 751 529 788 esre
542 734 687 797 dicebam
703 754 777 790 nunc
790 754 855 791 vero
872 737 987 806 probavi
1005 753 1068 790 eam
1082 736 1169 788 etiam

130 821 235 888 genere
252 806 369 858 dinosa:
392 820 460 856 nam
477 812 518 856 est
533 806 610 858 sedes
628 809 752 859 deorum.
788 808 848 858 Hoc
865 814 960 858 autem
982 821 1050 858 eum
1067 805 1171 868 dicere,

129 877 177 929 ille
193 874 360 943 comprobat
376 888 481 925 versus:
507 887 645 939 quantum
670 876 745 925 lenta
771 877 861 927 solent
887 877 960 927 inter
977 877 1103 926 viburna
1123 890 1169 923 cu·

130 948 229 1012 pressi.
271 945 345 995 Nam
366 943 520 993 alburnum
542 943 727 1012 [virgultum]
752 943 943 996 brevissimum
966 952 1022 1010 est,
1046 947 1169 1013 [semper

130 1017 237 1080 virens,
259 1020 289 1067 et
304 1014 398 1067 forma
416 1018 444 1062 et
459 1027 562 1080 genere
580 1027 597 1062 ι
615 1029 744 1080 cupresso
766 1022 883 1066 remota.
917 1013 1002 1079 Nam]
1017 1013 1170 1081 Cupressus

131 1083 219 1152 (vero)
236 1084 321 1133 arbor
345 1089 386 1132 est
403 1081 532 1137 murima.
566 1082 626 1132 Hoc
650 1089 745 1133 autem
790 1098 857 1135 enus
874 1081 1126 1151 argumentationis
1142 1086 1170 1131 et

131 1153 205 1222 apssd
221 1149 396 1203 Aristotelem
419 1149 522 1201 lectum
547 1158 603 1213 est,
625 1159 654 1202 et
677 1168 692 1200 ιι
713 1152 749 1202 ud
770 1098 947 1204 lliceronem.
982 1151 1168 1216 componere,-

131 1236 352 1291 comparare·
387 1226 431 1275 27.
450 1218 486 1268 Et
503 1234 574 1284 puae
592 1230 671 1270 tanta
688 1169 762 1288 lirin
781 1230 852 1288 quae
868 1229 961 1273 unta:
979 1221 1015 1272 ad
1033 1233 1170 1288 magnum

130 1294 207 1345 enim
224 1287 327 1356 aliquid
343 1286 431 1338 nimia
448 1288 594 1338 necessitas
611 1289 705 1341 venire
716 1289 864 1360 compellit
899 1289 977 1341 Unde
993 1289 1072 1358 qirasi
1086 1286 1170 1338 mira·

129 1369 190 1424 tur,
211 1359 357 1411 hominem
378 1354 515 1407 straticum
532 1356 653 1409 Romam
677 1358 769 1409 videre
792 1359 920 1429 potuisse.
939 1385 973 1395 -—
1007 1368 1052 1415 ρει
1069 1354 1169 1407 Liber-

131 1441 192 1492 tas,·
217 1442 297 1476 amor
320 1425 464 1476 libertatis.
500 1426 612 1477 Etenim
637 1427 716 1479 aliter
733 1427 801 1478 dicit
817 1443 921 1479 servus:
944 1427 1106 1478 libertatem
1123 1440 1169 1476 cu-

150 1499 191 1550 io:
208 1496 288 1548 aliter
305 1490 449 1562 ingenuus.
482 1493 530 1547 Ille
548 1497 625 1547 enim
641 1513 736 1548 carere
755 1497 812 1548 vult
827 1497 971 1558 servinste;
996 1496 1043 1548 hic
1060 1495 1167 1547 habere

129 1513 249 1619 iberam
266 1563 368 1626 vitam,
390 1578 441 1632 pro
459 1579 507 1613 suo
524 1563 629 1616 scilicet
644 1565 762 1616 arbitrio
778 1580 877 1633 agere:
900 1564 972 1616 ticut
987 1581 1061 1616 nunc
1080 1563 1169 1631 Virgi-

129 1635 182 1688 lius
198 1633 250 1685 sub
267 1647 385 1700 persona
403 1630 492 1700 Tityri
509 1632 591 1698 dicit,
614 1649 643 1684 se
670 1649 766 1684 amore
784 1634 916 1691 libertatis
933 1632 1055 1684 Romam
1072 1633 1167 1684 venire

130 1703 318 1772 compulsum:
336 1701 449 1752 etitem
464 1701 583 1754 latenter
600 1704 690 1772 carpit
706 1703 762 1770 [ea]
775 1711 920 1773 tempora,
938 1702 1037 1769 quibus
1054 1701 1168 1753 libertas

131 1788 187 1824 non
205 1771 257 1822 nisi
280 1770 310 1820 in
327 1769 397 1820 urbe
414 1768 506 1821 Roma
529 1779 596 1822 erat.
630 1773 683 1822 Aut
706 1781 781 1823 ateste
803 1771 966 1839 simpliciter
981 1771 1170 1839 intelligamus

130 1838 184 1892 hoc
207 1840 269 1891 loco
293 1838 421 1906 Tityrum
447 1840 518 1889 sicut
541 1848 679 1919 pastorem
703 1840 835 1892 locutum.
875 1841 948 1892 Nam
972 1840 1076 1909 ubique
1102 1853 1169 1890 eum

130 1904 295 1961 Theocritus
317 1907 525 1959 mercenarium
542 1906 653 1959 inducit
689 1909 814 1975 itemque
834 1909 962 1978 Virgihus
980 1909 1028 1975 (E.
1046 1913 1080 1970 9,
1098 1907 1169 1969 233:

132 1976 229 2045 Tityre
248 1977 313 2026 dum
335 1978 413 2026 redeo
431 1978 534 2042 (breuis
552 1989 593 2026 est
610 1978 668 2038 via)
684 1994 766 2045 pasce
780 1979 910 2046 capellas.
944 1976 1078 2042 Respexit
1093 1979 1168 2027 iuer-

75 2078 78 2085 ·
132 2059 201 2108 tem·,
223 2045 361 2110 desidem,
384 2062 442 2097 sese
465 2060 522 2096 non
544 2046 742 2114 requirentem.
782 2048 855 2109 Nam
873 2047 966 2118 culpat
988 2061 1067 2097 suam
1092 2047 1168 2096 iner-

131 2116 214 2180 tiam,
238 2115 311 2182 quod
334 2129 390 2164 non
412 2121 476 2165 ante
493 2113 614 2166 Romam
639 2114 717 2179 ierit,
740 2123 770 2167 et
793 2118 829 2166 sit
851 2133 914 2166 suus
938 2131 1008 2185 puer
1031 2115 1168 2178 libertate,

130 2199 184 2254 qua
208 2184 249 2234 uti
265 2181 358 2249 coepit
380 2182 559 2252 provectioris
582 2184 687 2237 aetatis.
705 2209 740 2221 -
781 2189 824 2242 29.
844 2184 1002 2235 Candidior
1017 2197 1166 2250 postquam

130 2252 258 2306 tondenti
283 2251 370 2302 barba
390 2253 520 2312 cadebam
536 2258 590 2302 'aut
605 2251 723 2304 mutatio
741 2269 875 2322 personae
898 2262 954 2318 est,
979 2260 1009 2303 ut
1026 2251 1166 2320 quendam

129 2319 248 2391 [senem]
264 2320 399 2373 rusticum
415 2321 582 2390 accipiamus
598 2321 624 2372 lo
646 2331 773 2384 nentem,
790 2339 847 2374 non
865 2323 1018 2390 Virgilium,
1035 2337 1088 2388 per
1105 2321 1169 2373 alle·

130 2392 247 2460 goriam.
288 2389 361 2439 Nam
388 2396 418 2438 ut
440 2389 570 2452 diximus,
595 2390 619 2439 X
646 2392 712 2440 VIII.
735 2406 872 2442 annorum
895 2391 1003 2458 scripsit
1026 2390 1168 2441 bucolica:

131 2468 179 2511 alit
196 2464 272 2510 certe
288 2465 330 2517 ¹est
347 2457 478 2509 mutanda
497 2457 649 2509 distinctio:
668 2467 698 2508 ut
715 2459 822 2512 sitnon
840 2460 927 2511 barba
941 2457 1103 2523 carsdidior,
1119 2460 1166 2510 sed

63 2560 74 2575 .
128 2527 251 2580 libertas.
285 2525 360 2577 Nam
377 2526 494 2576 XXVIII.
518 2542 656 2577 annorum
678 2527 799 2579 barbam
822 2537 911 2598 potest
929 2527 1021 2596 quivis'
1039 2529 1167 2581 mittere:

129 2597 177 2650 sed
200 2611 256 2646 non
281 2610 388 2646 carram.
429 2595 467 2651 Et
490 2594 562 2646 bene
588 2595 730 2646 candidior
755 2596 882 2649 libertas:
916 2606 946 2646 ut
969 2597 1167 2665 intelligamus,

98 2708 100 2713 .
129 2666 214 2719 etiem
238 2671 302 2715 ante
325 2664 355 2715 in
378 2663 521 2728 libertate,
543 2663 665 2716 sednon
687 2664 751 2729 tali,
774 2665 857 2718 finisse
875 2665 1027 2732 Virgilium.
1047 2693 1083 2702 —
1119 2673 1179 2723 30.-

128 2735 164 2784 Et
187 2735 271 2800 lango
296 2745 359 2800 post
382 2744 501 2799 tempore
526 2736 616 2793 venit;
641 2748 789 2802 postquam
815 2752 867 2786 nos
891 2736 1049 2802 Amaryllis
1075 2735 1167 2799 habet,

131 2801 248 2854 Galatea
265 2803 385 2868 reliquit.
421 2802 595 2869 lungendum
613 2811 653 2854 est
668 2803 721 2854 hoc
738 2811 836 2854 toturn.
870 2805 943 2853 Nam
959 2803 1063 2871 duplici
1081 2806 1166 2856 ratio

129 2888 164 2924 ne
186 2880 295 2940 tempus
320 2868 451 2932 ostendit,
473 2887 528 2937 quo
554 2888 618 2922 eum
641 2871 755 2923 libertas
780 2873 926 2943 aspexerit:
952 2873 970 2923 i.
989 2891 1028 2936 e.,
1052 2873 1165 2940 quando

129 2940 222 3008 coepit
251 2956 345 2991 secare
373 2939 509 3004 barbam,
539 2947 567 2991 et
596 2940 693 2992 relicta
725 2941 842 2993 Galatea
865 2941 1038 3010 Amaryllidis
1066 2959 1166 2994 amore

128 3007 254 3059 detineri.
289 3008 442 3074 Allegorice
466 3016 559 3060 autem
582 3010 636 3072 hoq
653 3009 733 3060 dicit:
760 3011 909 3078 Postquam
931 3011 1027 3062 relicte.
1044 3010 1163 3062 Mantua

32 3128 34 3133 ‚
127 3076 247 3127 Romam
271 3092 317 3127 me
341 3077 452 3127 contuli.
488 3077 559 3128 Νιιιιι
583 3078 742 3142 Galateam,
765 3079 911 3133 Mantuam
937 3079 991 3131 vult
1013 3095 1084 3130 csse:
1108 3080 1164 3130 Ro-

127 3162 219 3209 mam,
236 3144 410 3212 Amaryllida.
444 3138 480 3195 Et
496 3145 566 3199 benc
582 3155 728 3216 tempora,
743 3148 820 3215 quasi
836 3148 969 3208 rusticus,
985 3157 1130 3216 computat
1147 3167 1162 3199 n

126 3214 231 3267 barbae
248 3215 376 3266 sectione.
410 3210 509 3282 Longo
528 3227 591 3280 post
608 3228 742 3283 tempore;
771 3226 819 3267 aut
837 3211 985 3284 ἆρχαισμὸι
1003 3226 1052 3268 est.
1077 3219 1163 3269 ·Anti·

127 3285 173 3352 qui
193 3284 283 3348 enim,
306 3294 383 3348 post,
410 3284 488 3347 sinte,
513 3287 632 3349 circum,
656 3285 741 3336 etiam
759 3284 875 3336 ablativo
893 3284 1060 3354 iungebant:
1087 3287 1162 3354 quod

125 3352 208 3403 hodie
225 3356 316 3403 iacere
333 3351 451 3402 minime
468 3367 624 3419 possumus:
640 3355 694 3404 Ant
711 3355 795 3421 longo
814 3366 888 3422 post,
908 3371 1042 3422 tina-pars
1060 3357 1162 3406 oratio-

68 3467 72 3474 .
126 3422 168 3471 nis
187 3429 240 3486 est,
263 3427 293 3470 ut
316 3421 350 3469 sit
373 3436 480 3471 sensus:
505 3421 585 3472 Venit
609 3429 735 3491 tempore
758 3423 940 3492 longo-post:
962 3429 1032 3474 sicut
1057 3427 1159 3476 multo-

111 3493 236 3552 minus,
263 3489 486 3553 multo-magis,
509 3493 686 3555 post-morio.
728 3493 870 3542 Horatius:
897 3493 1059 3555 Postmodo,
1085 3494 1160 3559 quod

126 3563 165 3609 mi
183 3559 258 3610 obsit
277 3559 365 3621 clare,
384 3560 555 3622 multumque
574 3559 673 3611 locuto.
709 3560 745 3608 Et
762 3561 846 3628 longo
865 3574 943 3628 post,
961 3570 992 3611 ut
1008 3564 1157 3630 postposita

23 3634 27 3645 '
74 3690 78 3697 ι
123 3627 247 3679 videatur
265 3643 324 3676 esse
341 3627 523 3694 praepositio,
547 3635 573 3676 et
590 3628 619 3677 in
637 3628 771 3678 unitatem
789 3638 892 3682 coacta.
910 3657 944 3667 -—
980 3637 1023 3686 32.
1041 3630 1160 3682 Fatebor

123 3699 214 3759 enim;
239 3693 292 3744 hoc
309 3710 358 3761 per
375 3694 549 3759 parenthesin
569 3696 673 3745 dictum
691 3704 738 3747 est.
758 3723 789 3734 -
826 3707 869 3755 33.
886 3699 945 3749 Nec
964 3716 1026 3765 spes
1045 3700 1156 3750 liberta-

122 3767 159 3814 tis
177 3775 252 3826 erat,
279 3778 327 3811 nec
353 3778 422 3810 cura
446 3764 554 3826 peculi,-
579 3781 630 3813 nec
653 3780 766 3830 sperare
791 3774 920 3834 poteram
942 3767 1105 3818 libertatem
1128 3770 1154 3819 in

122 3849 252 3903 oppressa
274 3832 397 3893 civitate,
421 3848 472 3882 nec
496 3831 600 3882 habere
617 3849 714 3882 curam
738 3836 908 3903 patrimonii.
943 3836 1039 3886 Peculi
1062 3847 1155 3889 autem

146 4001 182 4051 30)
210 4001 229 4040 V
249 4000 321 4096 Iivorat.
335 4001 376 4037 Sat.
390 3999 416 4043 2,
431 3997 457 4045 6,
472 3996 506 4039 27.
534 4001 557 4037 In
572 4012 632 4040 verm
646 4003 696 4041 Hor.
712 4003 764 4041 milri
775 4017 812 4054 pro
828 4005 859 4044 mi
870 4005 916 4045 nrt.
933 4007 957 4042 V.
972 4006 997 4044 R.
1015 4008 1077 4057 Vos.;
1096 4011 1157 4045 licu-

200 4063 244 4098 tam
278 4084 283 4095 .
