2430 4620
143 275 208 341 176
403 270 543 333 suurn
565 270 920 337 COMMENTARIUS

142 458 234 513 onmia
251 456 366 510 oramina
382 454 601 522 invocabantur]
634 455 726 525 (Quod
746 466 842 511 auum
856 458 934 522 dicit)
968 456 1100 511 Studium
1115 465 1176 530 qui-

142 533 194 582 bus
212 546 281 579 arua
299 528 374 578 tueri
382 549 392 590 ,-
415 526 529 578 nomina
546 526 615 577 haec
638 528 787 578 nominum
810 528 839 580 in
856 526 1078 596 indigitamentis
1102 530 1176 583 inve-

141 600 270 661 niuntur,
290 597 309 649 i.
326 613 349 647 e.
372 596 402 646 in
424 594 502 647 libris
519 594 733 665 pontificalibus:
761 597 809 664 qui
832 605 861 649 et
876 598 994 649 nomina
1010 598 1128 651 deorum
1147 608 1175 649 et

81 724 86 731 ,
140 667 261 721 rationes
282 665 406 734 ipsorum
429 664 577 714 nominum
600 664 757 717 continent:
781 680 853 733 quae
877 667 965 719 etiam
988 666 1074 719 Varro
1098 670 1173 720 dicit.

141 738 228 799 Nam,
250 742 280 784 ut
302 749 385 800 supra
409 732 539 796 diximus,
568 733 685 785 nomina
709 734 868 785 numinibus
892 751 924 786 er
948 734 1042 789 officiis
1065 747 1173 788 constat

140 805 276 873 imposita.
311 801 396 854 ,Verbi
412 816 510 863 causa,
534 807 564 851 ut
589 801 624 853 ab
649 800 807 866 occationa,
830 802 896 854 deur
914 803 1032 857 Occator
1047 805 1170 857 dicatur:

140 895 157 929 a
173 872 333 934 sarritione,
349 870 415 922 deur
432 868 568 920 Sarritor:
585 888 602 920 a
619 873 832 945 stercoratione,
848 871 1037 925 ttercnliniue:
1055 893 1072 926 a
1089 876 1172 926 ratio-

140 963 192 1011 ne,
207 940 296 994 Sator.
331 939 440 1007 [Fabiue
457 939 548 989 Pictor
564 938 616 989 hos
633 939 698 991 deor
715 948 877 1003 enumerat,
902 957 970 1009 quor
985 941 1094 995 invocat
1112 944 1174 994 Fla·

53 1041 58 1051 ·
140 1030 224 1077 mn,
245 1024 355 1061 sacrum
380 1007 498 1061 Cereale
520 1007 625 1059 lacieut
647 1006 754 1059 Telluri
777 1015 805 1060 et
829 1009 940 1061 Cereri:
970 1010 1172 1078 Vertactorem,

138 1064 354 1153 Reparatorerir,
369 1077 584 1144 inporeitorem,
601 1076 761 1138 Insitorem,
779 1076 979 1142 Obaratorcrn,
996 1078 1172 1145 Oocatoram,

138 1150 320 1211 Sarritorem,
341 1145 811 1209 sabroni-inararem,Menatem,
834 1148 1048 1214 Conrectorem,
1072 1151 1172 1202 Condi·

99 1270 101 1275 .
139 1230 245 1282 torena,
268 1214 463 1268 Promitorem.
510 1213 614 1279 Tueri,
643 1229 694 1283 pro
719 1214 832 1279 tuendi,
863 1223 911 1265 aut
936 1218 1115 1271 tuendorum.
1138 1245 1169 1257 -

139 1298 182 1347 ῃ.
202 1286 315 1355 Quique
342 1300 430 1335 nouas
454 1282 551 1345 alitis,
574 1283 592 1334 i.
618 1300 641 1335 e.
665 1297 760 1335 omnes
784 1283 832 1350 qni
855 1283 908 1339 hot:
932 1286 1065 1353 potentie]
1106 1288 1169 1340 Non

140 1358 219 1409 nullo
235 1358 356 1416 sesninc,-
373 1353 391 1404 i.
406 1370 430 1403 e.
446 1350 537 1419 aliquo
564 1359 594 1402 et
610 1352 662 1402 hoc
680 1351 759 1403 dicit:
777 1353 830 1419 Qui
847 1369 864 1403 a
881 1354 962 1405 nobis
976 1353 1051 1407 iacta
1063 1359 1166 1411 semina

139 1422 400 1495 vestrirsreminibm
417 1419 496 1470 alitis.
530 1388 642 1471 ilmina
661 1427 753 1481 autem
767 1422 833 1472 dicit
845 1420 963 1473 deorum
979 1424 1049 1476 caeli
1065 1433 1164 1494 tempe

139 1495 225 1559 riom,
248 1492 366 1559 pluvias,
388 1497 481 1540 terrae
497 1503 599 1539 rorem
635 1487 699 1557 [Vel
714 1488 861 1541 ll'onnuilo
880 1493 1002 1557 semim
1028 1493 1065 1546 ab
1082 1495 1165 1547 homi-

138 1563 218 1615 nibus
240 1560 343 1612 scilicet
366 1558 453 1621 iacto,
477 1564 508 1607 ut
531 1556 576 1621 (G.
593 1562 626 1623 2,
642 1558 714 1619 lul:
739 1557 848 1626 Quippe
866 1560 926 1610 solo
944 1574 1050 1614 natura
1069 1566 1165 1616 subest.

138 1630 192 1683 Seu
207 1627 320 1694 rorem]
354 1627 445 1691 Satis,
464 1624 624 1693 tegetibus„
644 1626 679 1676 Ut
695 1626 768 1691 (infr.
780 1627 867 1688 325·):
883 1627 951 1679 Sata
969 1631 1060 1698 laeta,
1077 1634 1166 1684 boum·

138 1718 190 1766 que
208 1700 324 1750 labores.
357 1694 495 1765 [Largum
513 1703 606 1746 autem
624 1695 698 1745 coelo
717 1698 1013 1765 demittitis·imbrcna;
1031 1719 1084 1772 per
1100 1703 1167 1755 haec

137 1784 239 1839 aquam
255 1775 283 1819 at
298 1774 405 1818 terram
422 1762 571 1831 significari
588 1762 662 1827 mit]
676 1789 718 1824 -,
742 1774 787 1823 24.
806 1765 903 1830 Tuque
918 1769 986 1819 adeo
1002 1778 1071 1834 etc.;
1087 1772 1165 1839 [odeo

136 1837 183 1890 hic
199 1834 360 1907 praecipue:
388 1834 501 1904 quidam
519 1833 588 1883 odeo
613 1831 754 1885 abundare
771 1843 870 1902 putant
887 1837 1000 1904 lintiqua
1016 1839 1122 1907 figura,
1137 1850 1166 1892 ut

138 1913 180 1972 (3,
196 1906 284 1964 mn:
309 1904 399 1956 Omne
417 1904 486 1953 oden
504 1918 594 1981 genus
613 1904 644 1952 in
663 1904 753 1954 terris.
788 1904 824 1954 Et
847 1904 916 1969 iam]
933 1906 1060 1959 odulumr
1078 1911 1166 1977 Augu·

137 1984 193 2040 ato,
216 1988 299 2042 quem
325 1973 397 2025 inter
419 1973 484 2025 deor
507 1977 621 2022 invocat
668 1971 726 2022 Nec
750 1979 839 2022 totum
862 1981 957 2025 tamen
980 1975 1105 2028 dandum
1128 1986 1167 2028 est

137 2042 300 2106 adulationi,
324 2042 371 2093 ted
397 2048 426 2093 et
447 2040 564 2094 veritati.
599 2040 673 2092 Nam
695 2034 760 2090 'cunr
784 2057 879 2092 omnes
895 2044 1082 2112 {inperatorem
1105 2053 1165 2114 post

139 2122 258 2164 mortem
281 2118 345 2161 stmt
365 2110 439 2162 inter
463 2110 527 2161 dcot
550 2107 645 2172 rclati,
667 2092 801 2175 logio-tua
825 2111 896 2161 virus
920 2113 1025 2165 divinoe
1047 2115 1165 2166 honores

137 2180 271 2243 emeruit,
294 2178 367 2246 quod
390 2178 473 2230 etium
492 2178 620 2228 Horatius
643 2184 755 2228 testatur
773 2178 865 2229 dicens
888 2182 981 2250 (Epist
999 2184 1165 2249 2,1,15.):

138 2249 288 2307 Praesenti
304 2249 357 2299 tibi
382 2261 507 2298 maturos
531 2247 672 2313 largimur
695 2245 829 2298 honores:
864 2249 1060 2319 iurandasque
1085 2264 1163 2302 tuum
1185 2256 1188 2263 “

135 2336 184 2388 per
201 2334 302 2369 nomen
319 2319 451 2382 ponimus
469 2332 543 2365 oros.
579 2315 656 2367 Unde
674 2315 746 2367 male
764 2316 875 2383 quidam
889 2319 1000 2388 culpant
1014 2322 1164 2391 Virgilium,

136 2389 271 2449 dicenter,
294 2402 357 2436 eum
376 2385 504 2437 aviditate
528 2384 657 2435 laudandi
674 2384 760 2434 citum
778 2385 1060 2453 interitumnugusto
1078 2400 1162 2460 optas-

135 2470 178 2508 ae:
196 2470 261 2504 cum
279 2470 342 2505 eum
360 2461 466 2505 constet
481 2453 514 2505 ad
531 2468 608 2516 rem,
625 2468 696 2520 quaa
713 2461 777 2519 tuuc
796 2453 893 2518 fiebat,
909 2458 1069 2522 respexisse.
1102 2461 1164 2511 Por·

136 2540 229 2575 sumus
245 2531 341 2574 tamen
356 2522 433 2586 Mox,
450 2537 501 2592 pro
519 2534 580 2587 post
598 2521 737 2590 accipere:
754 2523 882 2573 Horatius
899 2526 1003 2590 (Carm.
1018 2536 1043 2591 3,
1056 2534 1083 2592 6,
1096 2530 1161 2587 48.);

136 2594 205 2645 Mox
224 2593 326 2644 datura
340 2589 502 2659 Progeniem
520 2591 701 2641 vitiosiorem.
738 2591 757 2640 1.
770 2608 792 2642 e.
811 2600 912 2657 postea.
946 2595 1038 2646 Potest
1050 2605 1081 2648 et
1093 2595 1161 2647 Mor
1192 2612 1194 2616 ·

136 2664 171 2714 ad
194 2661 264 2713 vitae
287 2662 425 2712 humanae
447 2660 611 2729 brevitatem
635 2658 742 2710 referri.
776 2660 849 2711 Nam
871 2661 929 2731 ipsa
946 2665 984 2714 ait
1008 2666 1036 2714 in
1055 2665 1161 2717 decimo

121 2730 231 2795 ¹(801.):
247 2729 356 2781 Rhoete
375 2731 423 2781 diu
444 2734 497 2795 (res
516 2731 543 2779 si
561 2746 616 2787 uua
635 2729 685 2778 diu
704 2730 870 2780 mortalibus
890 2733 948 2781 ulla
963 2733 1012 2796 est)
1023 2732 1160 2786 Viximus.

134 2800 203 2853 Sane
220 2800 375 2863 sciendum,
399 2799 469 2850 mire
488 2815 552 2850 eum
568 2798 705 2862 laudasse,
727 2799 800 2865 quod
817 2799 868 2850 ait:
893 2801 982 2868 Quem
999 2806 1068 2853 inor
1092 2820 1161 2871 quae

134 2871 188 2920 sint
209 2869 337 2920 habitura
354 2869 470 2920 deorum
488 2866 611 2919 Concilio
633 2867 771 2916 incertum
794 2875 848 2932 ert,
871 2868 888 2918 i.
906 2888 944 2932 c.,
966 2872 1090 2923 nondum
1113 2873 1162 2924 sci-

135 2954 210 3002 mus,
234 2937 293 3005 quis
316 2938 381 2988 dens
405 2952 462 2989 esse
484 2936 555 2988 velis.
588 2937 661 2986 Nam
684 2936 767 2986 doram
788 2935 848 2986 fieri
873 2939 1025 2990 maximum
1048 2949 1097 2992 est.
1130 2943 1161 2992 ln

134 3014 266 3076 potestate
289 3004 404 3072 [autem]
430 3005 550 3068 habere,
572 3005 631 3073 quis
656 3004 721 3055 dem
743 3002 809 3054 velis
826 3005 901 3071 lieri,
924 3008 982 3074 plur
1000 3024 1059 3061 esre
1077 3025 1160 3076 quam

134 3076 286 3126 maximum
317 3082 430 3126 constat.
454 3100 487 3111 -
539 3083 583 3132 25.
617 3073 735 3123 Urbisne
768 3075 889 3125 invisere
915 3077 1034 3142 Corsor3
1065 3086 1160 3131 utrum

134 3143 197 3194 velis
213 3151 368 3206 terrarum,
390 3160 425 3194 an
444 3142 542 3206 maris,
565 3160 604 3194 an
619 3142 688 3192 caeli
709 3141 860 3211 imperium
884 3145 1031 3215 possidere.
1049 3173 1083 3184 —
1117 3156 1160 3206 26.

133 3213 221 3279 [litte
241 3214 382 3261 morimur
405 3213 496 3272 orbis3
520 3220 649 3264 utrumne
673 3219 700 3260 te
723 3227 773 3278 pro
798 3212 859 3263 [ove
882 3215 935 3264 coli
958 3216 1083 3266 velisf-
1117 3227 1160 3274 27.

136 3283 279 3332 Auctorem
292 3281 428 3348 frugum5
452 3280 499 3347 qui
515 3281 640 3347 frugibus
663 3287 691 3331 et
703 3279 802 3331 ceteris
824 3281 906 3332 rebus
924 3282 1063 3349 originem
1080 3287 1159 3354 prae·

132 3349 204 3414 stes]
240 3349 494 3415 Tempertotumque
511 3361 664 3415 potentem3
683 3355 730 3398 aut
747 3348 884 3401 bonarum
901 3360 1113 3423 tempestatum:
1130 3364 1160 3405 ut

133 3417 257 3483 (9,19.):
283 3417 361 3467 Unde
385 3417 452 3467 liaeo
475 3431 531 3467 tam
550 3421 627 3469 clora
648 3430 753 3484 repente
772 3416 953 3484 Tempestas?
988 3424 1042 3474 Aut
1058 3436 1157 3490 tempe.

133 3499 235 3536 statum
257 3487 296 3538 ait
317 3495 488 3552 temporum:
510 3487 579 3536 sicut
602 3487 702 3554 ubique
726 3485 872 3538 Sallustius.
890 3517 924 3526 -
964 3498 1008 3547 25.
1025 3492 1158 3543 Materna

134 3567 238 3622 myrto,
263 3559 334 3625 quae
356 3555 385 3609 iu
402 3556 539 3607 honorem
556 3563 596 3606 est
613 3555 740 3621 Veneris,
763 3571 780 3606 a
797 3573 852 3624 qua
868 3560 1002 3627 Augustus
1020 3563 1158 3630 originem

159 3698 194 3750 24)
221 3703 244 3739 lu
258 3713 279 3740 v.
292 3698 358 3751 priora
373 3700 443 3738 Horat.
473 3699 498 3736 G.
513 3698 658 3750 iterandumque
673 3709 730 3738 tuum
741 3709 802 3751 port5
821 3703 844 3739 B.
861 3709 880 3739 et
896 3656 962 3741 Gricll.
976 3705 1000 3742 II.
1016 3719 1057 3756 per
1071 3703 1163 3757 numen:

214 3759 235 3796 in
248 3759 311 3797 altero
325 3758 351 3796 L.
365 3757 434 3806 steph.
449 3754 548 3802 daroma,-
564 3757 629 3794 Gocls.
644 3758 659 3794 l.
673 3759 696 3794 ll.
711 3760 733 3795 Β.
749 3760 772 3794 V.
787 3766 807 3794 et
821 3759 867 3796 cdd.
881 3763 1001 3799 nonnullae:
1016 3763 1108 3802 dolui-oa.

157 3837 193 3887 26)
223 3840 248 3878 G.
263 3840 375 3881 morimur,
390 3836 403 3874 l·
418 3849 436 3874 e.
451 3842 514 3879 totus,
530 3842 552 3873 ut
568 3839 609 3886 ipsc
626 3839 685 3885 (inira
700 3839 769 3887 329·):
784 3853 822 3892 quo
838 3845 928 3880 mumma
942 3850 997 3880 motu
1011 3850 1069 3882 terro
1082 3848 1156 3884 tremit.

157 3917 192 3967 27)
222 3921 247 3957 G.
262 3926 345 3962 unctor,
360 3916 385 3955 ab
400 3917 488 3966 augendo
504 3915 581 3961 dictus,
596 3925 618 3955 ut
633 3919 667 3964 (A.
683 3919 707 3964 7,
721 3915 777 3966 lun:
797 3923 828 3958 Tu
842 3924 950 3970 :nunionis
964 3924 1048 3962 :altimus
1063 3934 1141 3963 unctor.

156 3998 192 4047 28)
222 4000 247 4037 G.
267 4006 378 4036 maternum
398 4003 484 4047 martion
504 4008 540 4043 pro
560 3996 608 4032 Iulia
623 4004 680 4045 gente
696 3999 757 4045 dlxii,
778 4013 828 4049 quae
849 4004 952 4044 alltutrt
968 4003 1053 4046 orditur
1067 4006 1156 4047 uriuudt.

212 4055 294 4094 Veneria
308 4061 374 4095 auten
387 4053 408 4093 io
422 4052 520 4092 honoram
534 4059 556 4092 rt
569 4053 651 4097 tutelam
665 4054 704 4094 suit
717 4063 799 4108 myrtus.
