2452 4626
56 220 59 227 Ι
149 284 215 349 360
412 274 543 339 Pnotn
567 273 926 340 COMMENTARIUS

151 458 275 515 eirasdem
292 459 435 515 cardinem
459 461 634 515 adhibentur.
667 461 727 512 Hoc
745 448 901 513 vehiculum
924 458 955 513 in
972 458 1063 511 sacris
1081 457 1175 511 Cereris
1212 480 1220 514 a

152 546 287 595 arcanae,
304 548 374 597 quae
392 531 496 583 Eleusis
514 531 681 600 appellatur,
705 531 741 580 ab
765 531 866 598 oppido
882 529 1018 589 Eleusine
1034 529 1142 594 Attico,
1159 537 1178 580 et
1214 542 1220 580 t

154 599 184 651 id
206 597 310 649 ducunt
333 599 421 650 boves.
457 600 506 650 Est
529 609 672 666 praeterea
690 599 776 650 olivae
794 596 887 651 viridis
904 598 1025 665 siliqua,
1048 595 1178 662 folliculua
1216 621 1220 650 ε

145 667 184 723 iin
201 682 255 735 quo
273 667 337 733 laba
354 667 482 719 nascitur.
497 694 531 705 -
566 675 628 725 201.
646 664 796 732 Lamiam,-
820 683 906 735 genus
928 663 1047 735 navigii.
1081 662 1178 725 Hocds·
1218 688 1220 718 t

90 732 95 743 '
157 752 273 800 rumque
301 754 415 803 ἔτεμες
446 737 578 789 Adrastea
607 737 728 805 capella,
758 753 829 804 quae
855 734 984 788 educavit
1008 735 1107 785 lovem
1129 751 1179 804 cun

154 803 264 868 hoedis,
287 810 323 856 ob
348 807 399 856 lioo
416 805 582 857 beneficium
604 806 634 856 in
650 804 785 857 sideribus
800 813 906 856 sacrata
923 810 981 868 est,
1007 817 1132 872 quorum
1146 818 1179 855 or·
1219 824 1220 831 ¹

154 878 215 922 tum
239 874 345 940 pluviae
367 882 526 942 sequuntur.
560 874 595 923 Ec
614 875 875 940 lucidumnguis,
897 872 988 925 draco
1012 870 1180 937 existimatur,
1219 896 1220 925 l

45 968 48 979 ·
123 944 130 962 “
153 941 310 1011 puellarum
322 943 503 1012 Hesperidum
522 944 642 1010 pomarii
658 950 762 1007 ctistos,
778 943 880 994 relatus
895 942 980 997 inter,
989 940 1102 1016 sidera,
1111 940 1180 1011 inter·

155 1025 250 1062 secare
273 1012 340 1082 duos
362 1013 573 1080 septentriones,
596 1028 667 1080 quae
691 1011 784 1062 omnia
801 1026 904 1079 genera
919 1009 1075 1061 stellarum
1092 1017 1179 1079 tempe

154 1086 256 1130 statem
278 1078 441 1148 significant·
480 1081 525 1131 Ait
555 1097 638 1146 ergo,
668 1088 726 1131 tam
755 1078 908 1147 agrestibus
931 1078 1114 1131 observanda
1137 1093 1179 1129 esre

155 1147 282 1199 coelestio
300 1148 378 1215 sigua
395 1164 479 1216 quam
496 1149 702 1217 navigantibus,
725 1148 790 1216 quia
807 1149 931 1215 utrisque
945 1154 1076 1199 noceant
1091 1154 1180 1218 tempe

155 1224 245 1267 states.
280 1216 449 1268 Ostriierum
467 1225 560 1270 autem
579 1218 645 1269 dicit
660 1216 803 1284 Abydum,
826 1216 901 1284 quod
924 1215 967 1269 ibi
993 1222 1092 1267 ostrea
1115 1231 1180 1284 geue

153 1292 253 1336 rantur
276 1285 471 1355 copiosissima.
488 1312 521 1324 -
556 1293 618 1343 208.
642 1283 731 1337 Libra
756 1287 801 1336 dis
818 1292 884 1347 etc.;
908 1279 1129 1353 eequinoctium
1147 1301 1181 1337 au·

156 1351 296 1405 ctumnale
318 1353 468 1424 descripsit.
507 1353 623 1406 Somnus
646 1355 722 1407 enim
744 1362 858 1406 noctem
881 1353 1032 1421 significat.
1077 1354 1182 1407 Varnun

155 1421 362 1488 aequinoctium
384 1423 416 1473 fit
433 1424 470 1474 'in
492 1422 599 1488 Ariete,
620 1423 795 1483 auctumnale
816 1421 847 1474 in
870 1420 966 1474 Libra.
985 1446 1024 1461 -
1068 1422 1181 1480 2122&-

157 1491 230 1541 reolc
253 1507 392 1557 papanem
422 1491 533 1543 cereale
554 1492 606 1556 ait,
653 1491 700 1544 uia
721 1492 751 1544 in
774 1497 868 1560 segete
891 1490 1028 1543 nascitur.
1053 1515 1094 1529 -
1135 1499 1181 1551 221.

156 1561 228 1610 Ante
245 1561 300 1610 tihi
317 1567 384 1623 eto,
400 1559 423 1610 si
440 1559 471 1610 in
486 1559 541 1610 hoc
558 1507 744 1626 exeroAbitum
761 1568 792 1610 ut
806 1559 931 1611 triticum
947 1558 1094 1630 accipiat,
1117 1561 1182 1629 pn'u

155 1624 260 1696 inquit,
275 1627 410 1679 'occidant
426 1627 563 1696 Vergiliae
572 1665 579 1692 ,
603 1638 632 1679 et
643 1643 747 1681 corona
763 1627 910 1695 Ariadnes,
931 1636 1025 1696 qtaam
1041 1635 1182 1681 sementen

155 1696 247 1748 facias.
281 1695 412 1748 Matutini
436 1705 544 1748 exortus
561 1697 620 1757 an
635 1696 781 1766 significat.
798 1697 869 1749 ‚Eos
890 1697 969 1750 enim
987 1697 1138 1768 praeeedit
1149 1713 1183 1749 aa·

155 1780 230 1816 rora.
263 1765 378 1816 Atlantis
395 1772 489 1818 autem
505 1764 579 1821 filiae
601 1773 666 1817 sunt
681 1766 832 1836 Vergilium
854 1765 960 1817 idcirco
978 1766 1139 1819 Atlantides
1151 1781 1181 1816 vo

155 1841 261 1884 cantur.
294 1834 427 1887 Ariadnes
443 1842 538 1886 autem
555 1850 676 1886 coronae
695 1836 758 1889 talis
774 1833 889 1888 historia
909 1833 1047 1887 traditur.
1082 1835 1181 1887 Adane

139 1910 199 1952 ‘tus
223 1901 345 1953 Theseus
369 1904 405 1954 ab
428 1902 561 1969 Ariadne,
585 1918 649 1954 cum
674 1897 732 1954 eius
755 1919 840 1973 opera
863 1903 1017 1955 interiecto
1034 1903 1181 1957 Minotauro

156 1965 318 2038 Labyrinthi
336 1973 463 2024 evasisset
478 1986 619 2035 errorem,
642 1979 674 2025 'et
689 1979 850 2042 corruptam
865 1965 895 2022 in
912 1970 1008 2023 insula
1025 1972 1121 2025 Diana
1135 1973 1181 2023 dor

156 2039 291 2090 mientem
308 2040 470 2108 reliquisset.
486 2041 573 2091 Liber
592 2057 655 2094 eam
672 2040 817 2107 adamavit,
833 2047 862 2092 et
876 2040 934 2091 eius
951 2041 1045 2109 capiti
1064 2057 1181 2093 coronam

155 2106 308 2158 detractam
332 2110 408 2160 misit
431 2110 461 2162 in
484 2109 607 2174 coelum,
631 2125 701 2176 quae
718 2110 791 2160 sidus
807 2109 880 2160 facta
897 2115 952 2173 est,
977 2111 1121 2179 quodest
1134 2117 1181 2179 post

156 2174 318 2243 Erigonem.
358 2176 568 2245 Ipsam'autem
590 2177 754 2245 Ariadnam,
776 2176 956 2228 matrimonio
982 2168 1041 2231 sitii
1065 2179 1180 2244 iunctam,

155 2241 290 2296 Liberam
307 2246 459 2316 appellavit,
475 2246 685 2304 immortalitate
704 2247 843 2298 donatam.
877 2245 986 2296 Gnosia
1004 2255 1106 2301 autem
1120 2246 1180 2312 dicit,

156 2313 193 2363 ab
211 2313 313 2381 oppido
331 2315 425 2374 Gnoso
444 2315 551 2367 Cretae.
568 2340 602 2351 -
636 2321 699 2373 225.
715 2313 805 2365 Multi
823 2321 889 2376 etc.;
914 2314 1003 2367 multi
1028 2324 1098 2370 ante
1117 2330 1180 2371 oter

154 2396 217 2431 sum
235 2383 289 2434 Ver
308 2383 418 2435 iliarum
435 2391 589 2435 sementem
605 2383 746 2448 fecerunt,
766 2383 814 2436 sed
830 2383 945 2434 inanem
963 2399 1096 2439 messem
1109 2393 1180 2437 nutu·

152 2448 254 2501 lerunt
323 2453 367 2503 aia
383 2460 485 2504 atatem·
501 2468 556 2504 una
574 2459 615 2504 est
631 2468 662 2503 ex
680 2450 815 2519 Vergiliis.
831 2475 865 2488 -
906 2460 971 2515 227.
991 2453 1026 2504 st
1043 2472 1108 2506 vero
1124 2461 1179 2514 etim

155 2517 255 2569 ciceris
271 2528 314 2570 est
328 2537 428 2589 genus,
455 2521 528 2588 quod
544 2519 688 2590 phaselum
704 2528 810 2572 vocant.
843 2519 918 2571 Vicia
936 2528 979 2572 est
1003 2540 1096 2592 aequa
1113 2522 1177 2587 tepe
1195 2566 1198 2571 ,

156 2585 240 2639 minis
263 2604 364 2657 genus,
391 2589 474 2643 lentis
504 2587 702 2658 magnitudine.
748 2588 918 2640 Pelusiacam
949 2589 1066 2644 lentem
1086 2590 1175 2645 dicitu

155 2655 262 2707 Pelusio
280 2659 381 2728 oppido
398 2659 527 2728 Aegypti,
550 2676 566 2710 a
590 2672 644 2725 quo
668 2656 790 2707 fluminis
807 2656 864 2708 Nili
886 2673 974 2708 unum
994 2662 1101 2721 ornum
1114 2657 1178 2711 Pelu-

155 2724 262 2776 siacum
287 2727 394 2778 dicitur.
435 2728 548 2797 Optima
571 2726 630 2778 lens
653 2726 682 2775 in
705 2730 828 2793 Aegypto
851 2726 983 2777 nascitur.
1026 2729 1128 2781 Bootes
1147 2732 1180 2778 est

79 2807 80 2811 ’
153 2794 232 2865 stella
248 2795 279 2846 in
294 2794 514 2864 Arctophylacis,
539 2802 570 2845 ut
585 2793 709 2864 plerique
726 2801 837 2863 putant,
854 2794 983 2857 balthe03
1010 2805 1043 2847 ut
1061 2798 1109 2851 alii
1123 2795 1180 2847 iudi·

155 2870 237 2928 cant,
259 2862 290 2916 in
312 2863 445 2923 humer03
476 2864 549 2915 dicta
572 2880 590 2915 a
614 2861 711 2915 bubus.
756 2863 828 2914 Nam
852 2864 970 2927 triones,
996 2870 1070 2933 quos
1094 2863 1180 2917 Graeci

155 2931 224 2982 duas
240 2947 317 2985 ursas
334 2940 445 2997 vocant,
460 2933 586 2985 Helicem
604 2938 632 2982 et
649 2930 837 2998 Cynosuram,
853 2931 883 2983 in
893 2932 1057 3001 ¹barbarica
1078 2935 1180 3006 sphaen

154 2999 398 3068 plaustratam,
422 3001 496 3068 quod
519 3001 636 3052 ducatur
660 3017 676 3050 e
699 2998 787 3050 bubus
809 2992 917 3052 iunc‘tis.
933 3002 936 3007 ‘
951 3001 1042 3054 Cuius
1059 3007 1104 3056 r‘ei
1120 3001 1180 3056 testis

52 3073 57 3085 “
154 3075 197 3119 est
213 3068 369 3134 Getulicus,
384 3085 449 3120 cum
465 3070 505 3122 ait
520 3069 561 3123 de,
571 3067 723 3139 Britannis:
750 3068 813 3119 Non
831 3069 900 3119 aries
917 3068 1000 3130 illum
1020 3087 1109 3125 verno
1122 3074 1181 3125 feret

156 3140 221 3189 ae'rs
252 3152 356 3203 cornu,
386 3137 491 3201 Gnosia
519 3137 586 3190 nec'
602 3135 709 3203 gemini
738 3137 902 3206 praecidunt
924 3153 1036 3191 cornua
1059 3142 1180 3201 Taurum,

155 3204 234 3256 Sicca
245 3202 401 3274 Lycaonius
414 3206 555 3276 resupinat
570 3203 692 3274 plaustra
708 3203 815 3261 Bootes.
828 3231 861 3242 -
895 3214 959 3264 233.
977 3206 1119 3279 Quinque
1130 3219 1180 3267 etot

156 3272 255 3324 mundi
272 3274 370 3326 caloris
389 3282 417 3326 et
432 3274 544 3327 himinis
561 3273 601 3324 sol
616 3288 700 3325 causa
716 3281 765 3326 est
798 3274 864 3324 Eius
882 3281 976 3326 autem
992 3279 1060 3330 telis
1079 3287 1121 3343 est
1134 3293 1182 3329 cun

156 3336 217 3408 su's,
237 3348 271 3401 ,ut
295 3359 386 3410 neque
410 3344 485 3395 intra
508 3332 679 3393 solstitialem
702 3341 895 3403 circulumad
919 3360 969 3394 nos
988 3347 1123 3413 enodat,
1142 3360 1182 3399 net

150 3410 229 3463 ultra
245 3409 403 3464 brumalem
426 3412 565 3480 procedat
599 3409 681 3461 Radii
704 3419 798 3462 autem
822 3411 878 3462 eius
903 3411 951 3463 ubi
975 3414 1130 3481 deliciunt,
1153 3412 1182 3467 iii

155 3493 270 3534 necesse
287 3486 403 3538 estesse
426 3481 529 3549 frigus,
548 3480 617 3530 'cum
640 3478 770 3531 tenebris.
803 3479 942 3531 Deficiunt
958 3492 1061 3536 autem
1079 3488 1183 3539 sitista·

155 3548 196 3598 dii
213 3545 328 3612 bruma,
344 3548 379 3601 ad
395 3547 639 3619 septentrionalem
655 3538 805 3612 circulum,
822 3548 861 3599 ibi
879 3565 945 3615 ergo
962 3552 1057 3621 frigus
1076 3564 1120 3606 est
1133 3567 1183 3605 cun

157 3616 332 3668 obscuritate.
366 3615 411 3669 Sol
433 3626 541 3683 autem,
565 3617 611 3683 qui
634 3615 789 3668 brumalem
815 3624 843 3668 et
864 3617 1041 3672 solstitialem
1059 3623 1185 3677 circam

156 3685 280 3750 conticit,
304 3702 427 3737 annuum
450 3701 579 3751 cursum,
605 3691 694 3736 totam
716 3686 788 3737 hanc
811 3686 932 3738 mediam
956 3693 1113 3757 regionem
1134 3692 1185 3754 init,

157 3769 228 3820 quae
244 3752 343 3806 Latine
368 3763 477 3806 vocatur
502 3755 584 3822 plaga
608 3753 712 3805 adusta.
748 3754 787 3804 Ex
812 3772 846 3806 ea
871 3771 942 3822 quae
967 3759 1184 3825 septentrionalis

159 3830 212 3885 est,
229 3820 269 3872 ibi
284 3823 416 3875 deliciunt
433 3824 495 3874 solis
511 3822 598 3888 radii,
622 3829 650 3872 ct
665 3824 729 3890 quia
746 3820 848 3890 frigida
865 3832 921 3888 est,
946 3833 975 3876 et
993 3829 1134 3893 obscura,
1149 3826 1186 3880 iri·

156 3904 206 3956 giis
223 3891 252 3942 iu
268 3892 422 3961 proximam
445 3893 590 3961 regionem
613 3890 754 3958 pervenit,
776 3901 805 3944 et
820 3892 952 3943 miscetur
969 3894 1079 3963 calori,
1105 3897 1150 3967 qui
1165 3908 1186 3948 ct

132 4020 135 4025 Ι
157 3957 251 4008 adusta
274 3962 389 4028 regione
412 3961 442 4015 in
467 3962 585 4014 eandem
607 3958 713 4023 fertur,
737 3967 766 4012 et
790 3958 907 4011 efficitur
929 3968 1098 4032 temperata
1116 3966 1187 4035 regio,

157 4023 188 4075 in
205 4042 384 4097 quesumus,
408 4036 539 4102 quaeest
561 4026 727 4080 habitabilis.
761 4026 870 4093 Alteras
893 4028 964 4083 duae
987 4033 1187 4092 inhabitabiles.
