2430 4620
282 286 317 328 n
339 265 494 330 uranu.
518 266 673 330 sucos.
698 267 730 343 1,
753 274 905 360 stt—71.
1013 322 1015 329 ,
1044 263 1115 341 '103
1182 320 1187 337 ,

63 450 161 503 ilrunen
184 448 333 504 biberunt.
350 476 383 489 -—
418 459 462 510 63.
481 453 613 516 Ararim3
630 456 700 506 Arar
718 453 817 504 fluvius
833 453 956 520 Galliae,
973 455 1065 507 fluens
1080 456 1110 508 in

9 558 14 565 .
64 521 165 572 flumen
184 521 377 587 Rhodanum,
399 523 493 590 [quem
511 523 681 580 Germaniae
705 522 818 587 tribuit,
842 525 884 576 vel
906 532 1021 593 propter
1044 525 1109 575 vici·

62 589 176 641 nitatem
204 607 240 642 re
264 591 375 655 buum,
399 607 471 658 quae
495 592 596 643 Rheno
620 602 726 644 taittrnn
747 592 989 655 ‹listerminaritu13
1012 594 1054 643 vel
1072 593 1107 644 ad

60 606 312 710 demonstrandam
336 659 544 728 simplicitatem
566 661 713 723 rusticam,
737 660 781 710 cui
805 661 858 712 hoe
877 670 992 714 carmen
1008 662 1107 713 tribui-

58 733 111 792 tur,
142 743 226 795 quae
252 727 335 779 facile
357 729 502 780 inscientia
533 730 659 780 locorum
688 728 817 794 fallitur]
862 731 976 798 Tigris:
1010 735 1106 783 Arme·

56 796 113 848 niae
128 796 244 858 fluvius
268 797 391 849 influens
406 796 436 848 in
453 798 595 848 Persicum
618 799 716 848 sinum.
752 797 846 866 ltaque
863 802 932 869 [per
949 799 1059 864 Tigrim
1078 808 1109 852 et

56 863 179 929 mamm]
199 865 263 916 vult
278 865 386 918 diversa
402 866 476 917 inter
494 883 523 918 se
540 867 600 917 loca
619 866 783 934 significare.
816 867 892 919 Dicit
908 866 1014 935 [enirnl
1031 868 1107 938 prius
1137 908 1143 927 ,

55 931 194 986 Parthum
213 949 249 986 ex
267 935 353 1001 Arare
370 932 539 1000 bibiturum,
562 933 613 1003 [et]
630 937 806 986 Germanum
825 953 856 987 ex
874 936 1003 1003 Tigride,
1019 953 1105 1004 quam

55 1004 101 1054 sihi
123 1002 309 1054 oblivionem
333 1004 456 1054 futuram
478 1022 534 1056 non
558 1003 634 1055 divisi
657 1005 733 1071 agri,
758 1004 884 1056 Caesaris
908 1003 1051 1057 beneficio.
1069 1033 1104 1043 -

57 1076 94 1128 66
107 1072 223 1135 Illius,-
251 1071 269 1125 i.
287 1088 312 1122 e.
329 1070 465 1140 [Augusti]
481 1072 612 1124 Caesaris.
649 1070 791 1137 Libetur,
812 1081 972 1140 respuatur,
997 1075 1039 1124 vel
1056 1074 1106 1124 ob·

60 1139 140 1191 lirioni
159 1140 309 1192 trudatur.
325 1164 361 1176 -
393 1146 437 1197 65.
454 1141 584 1192 Sittentes
603 1142 710 1191 ibimus
728 1141 828 1208 Afros,
851 1150 945 1224 tropus
969 1143 1105 1210 synecdo-

64 1208 116 1259 etse:
136 1206 281 1260 ab<Afris
305 1207 380 1259 enim
406 1208 540 1278 Libyam,
565 1226 636 1278 quae
660 1227 731 1290 aqua
754 1210 875 1278 indiget,
899 1211 1016 1278 intelligi
1039 1211 1105 1262 vult.
1132 1240 1135 1245 ·

63 1277 112 1344 [liat
125 1277 218 1330 enim
244 1273 408 1328 calidissima
435 1279 513 1346 regio
531 1287 560 1330 ot
575 1295 665 1346 paene
682 1278 940 1348 inhabitabilist-
976 1285 1020 1337 66.
1037 1280 1102 1347 Scy·
1148 1317 1160 1336 ,

61 1344 157 1410 aliam,-
187 1346 275 1414 regio
294 1348 512 1414 septentrionalis
530 1355 572 1400 est
589 1346 803 1415 [frigidissima]
835 1347 868 1396 Et
887 1350 1018 1419 rapidum
1044 1364 1101 1407 ere·
1147 1373 1151 1386 ·

9 1432 11 1439 ·
59 1424 94 1464 tae
115 1418 278 1466 veniemus
298 1414 421 1480 Ouum,
447 1417 500 1467 hoc
526 1424 568 1468 est
589 1417 770 1468 lutulentum:
794 1415 867 1484 :prod
891 1418 965 1488 rapit
988 1425 1103 1469 cretam.

57 1483 169 1536 &stam
196 1491 309 1536 terram
334 1483 426 1535 albam
450 1484 523 1535 dixit.
563 1484 637 1536 Nam
662 1485 743 1537 Oasis
767 1485 866 1535 fluvius
889 1495 930 1539 est
946 1486 1103 1556 Mesopota·

56 1555 139 1604 miae:
152 1553 222 1622 ‚qui
241 1548 384 1615 velocitate
401 1569 448 1604 sua
464 1553 576 1620 rapiens
595 1553 699 1604 'albam'
713 1563 832 1618 terram,
855 1556 1028 1607 turbulentus
1046 1555 1104 1607 effi·

56 1620 130 1675 etur.
169 1621 227 1673 Vel
244 1619 341 1684 Oasis,
363 1620 461 1672 fluvius
478 1621 619 1689 Scythiae3
644 1623 672 1671 in
691 1622 774 1674 Creta
797 1623 884 1673 insula
903 1640 958 1675 non
978 1632 1031 1674 est:
1055 1623 1104 1675 sed

11 1700 16 1727 -“
56 1706 121 1757 agua
138 1689 240 1742 cretei
256 1688 356 1739 coloris
381 1696 429 1740 est.
463 1690 569 1742 (texens
588 1690 834 1747 Philisthenesait
850 1693 980 1758 Apollinis
1004 1700 1031 1743 et
1047 1694 1112 1743 :tn-1

56 1758 181 1811 tbileuae
195 1759 307 1810 filiiun:
324 1757 398 1808 hunc
415 1757 534 1822 Ossam,
551 1759 580 1808 in
599 1759 681 1809 Creta
700 1756 832 1828 oppidum
850 1761 1011 1823 condidisse,
1029 1760 1103 1826 quod

58 1842 99 1876 uro
118 1828 247 1879 nomine
263 1825 423 1889 nominavit,
440 1835 471 1883 ut
489 1829 575 1877 Varro
595 1827 648 1876 uit:
667 1826 745 1894 Quos
765 1846 867 1895 magno
886 1827 1021 1878 Anchiale
1037 1848 1102 1896 par·
1155 1840 1159 1847 ’

58 1907 98 1945 tus
116 1887 254 1947 adducta
271 1896 382 1957 dolore,
405 1894 440 1944 E:
455 1899 579 1963 geminis
596 1900 711 1963 capiens
731 1896 871 1948 Tellurem
892 1898 1020 1948 Oeaxida
1035 1900 1101 1962 pnl-

60 1969 109 2016 mis
137 1965 282 2015 scindere
308 1965 390 2014 dicta.
407 1987 442 2000 -
483 1970 527 2031 67.
552 1963 683 2029 Pem‘tres,¹
709 1965 726 2016 i.
752 1980 776 2017 e:
800 1966 922 2017 omuino.
964 1965 1101 2029 Histros,

58 2035 116 2100 qiua
135 2034 212 2086 olim
230 2034 325 2085 iuncta
349 2032 403 2084 fuit
426 2032 487 2083 orbi
510 2042 652 2086 terrarum
668 2034 819 2085 Britannia.
854 2036 904 2085 Est
920 2037 994 2085 enim
1014 2034 1102 2086 insula

57 2103 178 2172 seposita
196 2103 227 2154 iu
246 2101 359 2152 Oceano
382 2103 614 2170 septemtrionali:
639 2112 667 2154 et
690 2121 706 2155 a
730 2104 817 2173 poetis
834 2105 904 2159 alter
922 2103 997 2154 orbis
1014 2111 1102 2155 terra-

20 2182 24 2193 ·
58 2187 117 2221 rum
144 2171 262 2223 dicitur.
281 2198 316 2207 —
350 2174 392 2226 68.
417 2170 475 2234 Ert;
502 2189 573 2222 ecce.
619 2172 762 2238 Unquam
787 2173 943 2242 aliquando.
978 2172 1020 2221 Eu
1048 2191 1099 2222 urt-

58 2256 159 2304 qnum,
187 2237 318 2307 Virgilius
335 2237 389 2290 alio
405 2238 465 2289 loco
484 2238 579 2291 dividit
600 2240 833 2310 interpositione:
849 2249 880 2292 ut
904 2240 976 2290 iufra
993 2240 1023 2290 in
1041 2240 1100 2307 ipso

11 2306 15 2321 '
56 2307 126 2359 libro
144 2314 188 2376 (8,
200 2313 254 2378 7.):
272 2307 315 2359 En
334 2308 386 2369 erit
405 2324 528 2374 unquam
548 2311 595 2361 ille
609 2310 692 2359 dies?
710 2311 795 2390 [quod
812 2310 949 2377 significat
967 2313 1101 2376 unquam-

57 2395 106 2443 ne,
131 2377 152 2428 i.
173 2395 198 2428 e.
224 2374 410 2445 aliquandol]
428 2404 459 2414 -
495 2382 539 2434 69.
559 2377 681 2444 Cespite,¹
708 2395 727 2430 1.
747 2396 769 2429 e.
794 2387 870 2432 terra
893 2392 958 2439 cum
983 2379 1099 2445 propria

57 2445 146 2497 herba
171 2441 275 2497 enias.
315 2444 461 2513 [culinenr
486 2463 520 2497 eo
546 2446 618 2514 qnod
643 2447 750 2499 culmo.
774 2447 792 2498 i.
818 2467 841 2504 e.
863 2447 963 2515 stipula
987 2448 1099 2512 tegitur.

57 2516 108 2565 llic
124 2515 226 2583 prisca
242 2514 444 2573 rusticanorum
462 2522 536 2566 aetas
553 2515 710 2567 habitabat:
727 2515 790 2567 ideo
808 2517 928 2568 citimina
946 2515 1018 2567 dicta
1037 2525 1106 2577 sunt

58 2591 143 2635 tecta:
170 2583 240 2652 quia
255 2590 362 2633 veteres
378 2582 502 2634 aedilicia
520 2584 553 2634 de
571 2585 663 2634 culino
681 2587 883 2652 contegebant,
906 2584 926 2634 is
942 2602 966 2634 e.
983 2584 1068 2652 palcis
1085 2603 1101 2636 e

11 2704 13 2709 ,
58 2649 225 2716 messibus]
268 2650 396 2718 Tuguri3
429 2668 447 2703 a
470 2652 588 2719 tegendo
613 2655 725 2704 dictum.
751 2680 785 2692 -
834 2661 878 2710 70.
903 2652 968 2703 Post
992 2655 1102 2718 aliquot

59 2725 186 2783 aristas}
211 2727 275 2788 post
290 2720 536 2789 multatempora,
561 2730 589 2772 et
612 2723 688 2789 quasi
703 2723 829 2773 'rusticus
853 2737 906 2788 per
930 2721 1027 2774 aristas
1051 2737 1100 2771 nu-

59 2799 152 2843 merat
171 2804 269 2842 annos.
304 2787 370 2838 Mea
390 2807 492 2856 regnu5
517 2791 535 2840 i.
554 2808 577 2841 e.
595 2791 642 2842 ubi
660 2791 815 2843 dominatus
832 2806 904 2842 sum.
937 2789 986 2839 Vel
1003 2806 1099 2840 senem

59 2875 86 2912 se
105 2860 180 2912 dicit
198 2873 280 2926 agros
297 2873 360 2908 suos
382 2866 570 2924 recepturum.
605 2862 731 2924 Aristas5
757 2860 907 2928 [gradatim
923 2857 1043 2923 dictum,
1068 2875 1101 2911 ex

57 2936 141 2999 tropo
167 2925 328 2994 metalepsi:
354 2934 384 2977 ut
406 2944 457 2996 per
481 2927 591 2992 aristas,
616 2945 729 2979 messes:
754 2945 804 2995 per
830 2943 946 2993 messes,
970 2933 1101 2979 aestates:

58 3014 111 3066 per
135 3004 256 3049 aestates
280 3011 365 3046 annos
388 2995 538 3059 numeret]
556 3023 589 3033 -
630 3005 674 3054 71.
692 2998 801 3064 impius
821 2998 915 3060 miles)
942 2994 1100 3078 [proprium

60 3067 160 3117 militis
176 3061 349 3135 epitheton]
381 3065 469 3115 Iratus
486 3065 640 3116 Meliboeus
663 3067 782 3118 militem
807 3066 873 3117 dicit
895 3065 1031 3132 impium,
1053 3081 1101 3117 seu

59 3135 135 3202 quod
153 3148 258 3200 agrum
273 3148 352 3183 suum
376 3140 483 3184 teneat:
506 3149 553 3184 seu
578 3135 651 3201 qnod
674 3136 752 3188 civile
774 3135 889 3204 gesserit
910 3134 1031 3199 bellum,
1053 3136 1102 3201 qrri

60 3221 111 3274 pro
129 3201 255 3254 Antonio
278 3218 357 3254 arma
380 3201 513 3270 portavit,
535 3203 582 3271 qui
606 3202 679 3255 bella
702 3200 792 3258 civilia
815 3202 905 3274 gessit.
947 3203 998 3255 Hic
1023 3203 1101 3254 laesit

88 3395 127 3447 06)
157 3398 198 3445 Pro
227 3396 311 3438 l’hit'ee.
332 3397 357 3436 v,
379 3398 510 3449 Philtonem
545 3400 612 3439 Gnell'.
631 3399 646 3437 l.
670 3398 802 3440 Plu'leetenes.
833 3397 900 3439 Ursin.
920 3399 1050 3445 Plisthenes:
1075 3399 1101 3438 al.

148 3455 285 3494 stratiletes.
312 3455 365 3493 Dein
385 3458 454 3496 tturm.
477 3459 589 3498 Anchiales
604 3457 651 3507 fil.,·
672 3461 696 3494 V.
716 3458 742 3493 R.
766 3459 897 3507 Timulenae,
918 3460 939 3496 C.
964 3457 1101 3502 'licentiosum

152 3512 262 3550 Tuntr'lene
281 3514 329 3549 Vos.
357 3513 378 3549 lu
399 3514 493 3552 Varronis
513 3516 583 3565 stagni.
604 3517 627 3552 V.
652 3513 742 3559 ΤιιηίιἹες
762 3515 809 3551 Vos.
834 3515 917 3553 Tenlule
937 3529 967 3551 ne.
998 3511 1065 3551 Guctf.
1085 3513 1101 3552 l!

147 3582 201 3621 quor
218 3582 304 3618 neugma
324 3563 406 3607 leticiae·
417 3572 513 3620 partitus.
541 3574 565 3609 ll.
586 3584 604 3622 q.
625 3584 710 3622 magnos
730 3568 803 3609 :atilae
820 3579 901 3623 partus.
931 3572 983 3608 Tum
1005 3575 1102 3616 uterque:

147 3634 170 3664 c!
188 3628 277 3676 gerninr'e
298 3629 380 3676 cupiens
399 3626 489 3666 dolorem
507 3631 560 3667 oar.
571 3643 593 3678 p.
614 3643 642 3665 se.
658 3628 713 3665 dicta
724 3629 807 3676 penitus
827 3629 933 3677 sisinium.
964 3627 1049 3664 Dirum
1064 3630 1102 3660 etc·

148 3685 175 3721 V·
191 3687 275 3733 cupiens
289 3682 392 3731 dolorem
412 3683 437 3721 ll.
453 3688 534 3736 cripiens
550 3687 638 3723 dolorem
657 3686 712 3721 oaxi
729 3685 793 3732 palm.
808 3686 899 3724 scindere
915 3685 982 3728 da'sm,
1005 3683 1031 3718 nl.
1047 3681 1103 3719 dictu

144 3738 199 3788 suit.
240 3740 261 3775 lu
282 3740 331 3776 cod.
351 3741 399 3777 Urs.
416 3739 506 3788 fundere
527 3743 594 3790 diclu5
621 3748 640 3777 et
664 3740 692 3778 its
717 3741 823 3791 legendum
850 3756 892 3778 esic
914 3741 940 3777 ait
963 3738 1055 3781 Vossius,
1084 3742 1106 3775 ct

154 3797 264 3842 Oeaa‘r'dem
280 3778 306 3833 it
326 3796 368 3834 rius
384 3797 445 3833 dubio
461 3811 502 3836 asse
518 3798 612 3835 Varronis
627 3797 718 3842 Atacini,
740 3798 772 3846 qui
789 3799 919 3847 Aprilloninm
935 3794 1055 3844 expressiss·
1071 3793 1104 3829 di-

149 3853 211 3892 eitur.
231 3866 250 3888 v.
270 3854 331 3890 Salus.
352 3855 426 3891 Exere.
449 3855 500 3892 l'lin.
520 3870 539 3904 p.
555 3853 602 3894 692.
623 3857 691 3892 burm.
713 3854 789 3892 edidit:
812 3858 839 3894 Et
861 3869 915 3906 gem.
936 3867 981 3902 cup.
1005 3851 1107 3889 Tellurem

152 3909 249 3949 Oeaxida
260 3910 349 3960 puluere,
365 3911 437 3949 Edidit
452 3914 474 3949 in
489 3914 560 3949 Diria.
797 3910 802 3916 ’

89 3993 127 4044 Εἰ)
158 3992 258 4086 Prorutis
272 3990 297 4026 V·
313 3992 360 4038 ljos.
381 3992 406 4029 R.
432 3999 450 4029 ct
468 3993 572 4030 (lucilli.
593 3995 688 4044 reposita.
716 3968 785 4033 ilium.
805 3991 856 4030 sosii.
876 3993 975 4044 reposita,
997 3995 1020 4027 ut
1039 3993 1070 4027 eu
1089 3986 1111 4027 lu

151 4048 220 4087 Girsl.
236 4049 250 4083 1.
737 4056 740 4061 '
