2430 4620
158 278 166 287 ‘
214 294 217 301 ’
283 269 837 393 'nv1ao'1nuu'CQun-31.
1018 306 1085 369 sss

34 458 188 548 'conarere
210 483 238 535 n
250 481 335 550 quen
353 481 433 546 ursa,
457 491 485 534 er
501 459 788 554 cainum-ornem
805 481 1015 535 lentissimum.
1050 484 1088 537 n.

37 561 104 605 tres
129 560 222 623 partes
244 552 328 617 divisa
354 550 448 621 copia,
472 551 502 601 in
525 551 641 621 populos
664 549 825 614 duodecim,
854 548 984 603 Salentini
1008 550 1084 618 disti,

37 623 123 702 qitod
148 622 178 672 in
200 618 257 671 salo
281 619 433 671 amicitiam
457 621 582 673 iecerint.
624 619 696 669 Cum
719 620 754 671 ad
774 619 851 683 lianc
873 619 960 687 igitur
976 636 1082 685 arcem,

11 702 103 742 *sive
129 688 261 759 oppidum
283 704 366 756 equos
396 688 632 740 animadvertisset
653 687 799 752 Anchises,
829 695 861 738 ut
883 703 971 755 augur
993 689 1082 743 sacla-⁴
1155 695 1160 705 ’
1183 738 1188 747 ,

36 767 130 811 matr·
143 758 252 810 Bellum
269 772 286 806 ο
302 766 379 809 terra
402 757 509 826 hospita
526 763 634 828 portas,
658 755 733 807 bello
754 763 902 807 armantur.
921 756 999 825 equi,
1022 756 1080 810 bel·
1176 788 1179 793 ·

38 826 107 881 lum
124 827 195 879 haec
212 834 339 880 armenta
356 822 506 876 minantur.
541 824 594 876 Sed
611 832 706 877 tamen
730 823 816 875 iidem
834 824 901 876 olim
919 840 1004 877 curru
1019 840 1080 877 suo-

37 896 150 953 cedere
175 892 244 948 sueti
268 893 464 963 Quadrupedes
490 901 518 945 et
541 895 621 946 frena
644 893 711 961 iugo
727 893 874 946 concordia
897 894 988 955 ferre3
1009 893 1028 944 S
1065 911 1080 946 s

38 972 88 1019 est
110 966 202 1045 pacis,
230 961 290 1016 ait.”
335 962 437 1028 Aperte
460 961 546 1028 igitur
569 961 699 1013 Anchises
721 961 756 1013 de
785 962 868 1013 rebus
889 961 986 1014 divinis
1010 912 1079 1016 nield

33 1034 191 1103 loquitur,
201 1040 233 1083 ut
249 1031 294 1083 hic
312 1029 425 1082 Silenus.
460 1031 630 1098 Quaeramus
646 1029 746 1097 igitur,
768 1046 804 1082 an
822 1037 851 1083 et
866 1029 920 1097 ibi,
936 1029 1008 1083 sicut
1022 1031 1080 1098 liic,

99 1109 179 1153 ttuor
207 1101 342 1172 principia
370 1098 504 1167 designet.
545 1098 682 1168 Principio
713 1099 822 1150 coelttm
851 1115 884 1151 ac
913 1108 1001 1150 terras
1025 1108 1077 1152 etc.

36 1116 119 1229 min
137 1178 248 1237 ¹terram
264 1162 425 1239 simpliciter
441 1167 521 1231 dixit,
548 1167 578 1219 iu
594 1166 701 1246 campis
716 1165 882 1234 liquentibus
898 1184 978 1219 mare
993 1167 1080 1237 signi·

36 1238 119 1295 ficat.
158 1238 291 1291 Ceterum
314 1237 423 1288 coelum
446 1236 520 1304 quod
542 1236 624 1299 dixit,
646 1251 671 1285 si
687 1250 739 1302 pro
755 1236 815 1304 igni
837 1236 1005 1302 accipimus,
1027 1237 1078 1289 ubi
1122 1292 1124 1297 ,

38 1306 115 1361 aeri
138 1310 180 1358 sin
198 1322 264 1361 vero
281 1306 389 1358 coelum
407 1316 457 1373 pro
474 1309 555 1371 a'e're,
579 1303 628 1355 ubi
650 1303 746 1372 ignem
763 1304 958 1373 requiremus?
979 1305 1077 1359 Aemil.
1105 1357 1110 1367 ,

39 1379 131 1445 Asper
149 1392 215 1426 cum
234 1377 308 1427 huno
324 1375 418 1426 locum
441 1380 600 1438 annotaret,
622 1371 661 1422 sio
679 1371 733 1425 ait:
757 1374 832 1425 Haec
849 1373 980 1426 membra
996 1382 1076 1431 natu·

37 1444 94 1498 r'ae
109 1444 149 1495 sic
160 1445 236 1499 ,solet
250 1444 382 1511 iungere,
405 1449 436 1492 ut
457 1443 487 1494 in
510 1443 565 1494 tria
583 1439 697 1503 dividat3
721 1457 786 1493 nam
806 1449 834 1490 et
850 1442 917 1506 alibi
934 1442 1024 1496 maris
1041 1459 1075 1494 aa

34 1520 135 1567 terras
149 1514 313 1580 coelumque
330 1510 506 1579 profundum.
540 1509 576 1562 Et
592 1510 745 1577 Homerum,
768 1503 818 1564 'Er
833 1511 884 1578 μέν
901 1513 982 1577 γαῖαν
997 1511 1076 1567 trev·

35 1579 102 1646 ξεν,
130 1578 160 1633 ἐν
176 1577 201 1634 δ’
217 1577 345 1650 οὖρανὸν,
368 1576 400 1643 ἐν
416 1574 446 1632 δὲ·
462 1575 611 1634 θάλασσαν.
645 1576 699 1630 sed
722 1580 753 1630 et
768 1580 921 1633 Homerum
942 1582 1003 1651 ipso
1019 1582 1084 1641 hou

32 1650 103 1715 loco
121 1666 262 1719 possumus
286 1649 407 1717 probare
423 1656 553 1718 quattuor
574 1648 777 1700 elementorum
799 1648 972 1703 mentionem
995 1649 1091 1702 fecie*

36 1728 86 1782 set
108 1724 179 1772 nani
203 1718 234 1774 ἐν’·
248 1720 299 1788 μέν
317 1739 341 1788 γ.
366 1716 404 1772 ἔτ.
428 1717 545 1769 Achilles
568 1714 752 1784 significatur,
776 1724 807 1768 ut
830 1718 916 1770 homo
938 1727 1075 1784 terrenus,

36 1790 88 1840 cui
112 1793 192 1840 arr'na
215 1790 334 1850 fiebant3
358 1784 388 1839 ἐν
405 1781 433 1838 de*
450 1779 525 1856 oin,
550 1790 644 1837 ae'rern
661 1784 734 1847 scil,
756 1785 787 1837 in
809 1802 864 1853 quo
887 1787 940 1839 ista
961 1787 1074 1840 fiebant.

34 1858 139 1926 Ignem
157 1857 323 1910 extrinsecus
340 1855 503 1908 adhibemus
525 1853 554 1905 in
578 1853 638 1922 ipso
654 1852 784 1905 Vulcano.
818 1853 951 1907 Similiter
973 1864 1003 1908 et
1018 1855 1075 1907 En·

35 1927 103 1991 nius
120 1925 150 1977 in
163 1925 264 1978 Medea
280 1925 362 1978 eride·
376 1925 406 1976 in
421 1924 464 1976 his
481 1922 618 1975 versibus:
634 1920 768 1990 Iuppiter,
782 1928 867 1989 tuque
879 1923 948 1975 adeo
964 1939 1073 1976 summe

37 1995 97 2060 sol,
121 1994 170 2062 qui
192 2011 236 2047 res
260 2009 357 2046 omnes
379 1993 505 2060 inspicis,
529 1990 631 2058 quique
654 1996 702 2039 tuo
726 1988 833 2041 lumine
850 2007 944 2057 mare,
966 2000 1085 2051 terrum¹

37 2080 73 2116 ac
98 2062 209 2114 coelum
230 2063 369 2124 contines,
393 2061 498 2128 inspice
524 2060 577 2110 hoc
602 2057 723 2112 facinus.
746 2060 906 2126 priusquam
922 2060 986 2126 liat,
1008 2074 1073 2129 pro.

35 2131 107 2186 hibe
123 2131 232 2189 scelus?
263 2133 324 2183 lam
341 2137 369 2182 et
385 2130 432 2181 hic
448 2129 572 2196 luppiter
589 2135 619 2178 et
635 2125 680 2176 Sol
698 2141 748 2192 pro
766 2126 840 2195 igni,
857 2129 904 2196 qui
921 2145 1001 2182 mare
1017 2138 1073 2181 ter·

35 2217 104 2254 ram
127 2207 156 2252 et
178 2201 287 2251 coelum
309 2200 446 2265 continet,
475 2215 531 2248 non
556 2195 639 2246 dubie
669 2194 777 2246 coelum
801 2211 853 2261 pro
877 2201 941 2250 aire
964 2198 1072 2251 dixerit.
1153 2244 1156 2251 ,

35 2270 80 2322 lta
96 2276 131 2320 ut
146 2268 289 2336 Virgilius:
315 2267 465 2330 Daedalus,
482 2273 514 2316 ut
529 2266 605 2316 fama
622 2271 662 2316 est
678 2269 731 2315 etc.
765 2264 838 2314 Nam
854 2265 1008 2320 Daedalum
1025 2272 1080 2318 vo.‘

36 2332 145 2391 lentem
168 2343 217 2390 aer
242 2337 386 2402 sustinuit,
407 2336 478 2403 ignis
497 2333 631 2404 prodidit,
654 2339 684 2382 ut
700 2331 819 2403 Icarum,
852 2334 888 2385 Et
909 2336 937 2386 in
956 2337 1072 2390 eodem:

34 2406 178 2461 Geminae
206 2422 272 2457 cum
300 2404 540 2460 fortecolumbae
560 2403 622 2471 Ipsa
644 2399 696 2451 sub
720 2415 768 2451 ora
798 2403 848 2453 viri
871 2404 947 2456 coelo
971 2421 1085 2458 venere>

35 2476 181 2528 volantes„
206 2475 279 2527 Narn
301 2482 330 2526 et
352 2473 443 2529 avium
467 2473 570 2525 volatus
594 2470 624 2521 in
649 2473 721 2521 edre.
760 2470 797 2522 Et
813 2468 958 2524 Lucretius
981 2474 1070 2525 mani·
1159 2523 1162 2537 ,

35 2546 149 2608 festius,
165 2558 230 2593 cum
247 2543 299 2595 ait:
315 2543 348 2599 In
364 2541 418 2593 hoc
435 2541 525 2600 coelo,
543 2539 590 2605 qui
606 2537 707 2588 dicitur
724 2542 780 2589 aer.
814 2538 978 2608 Quanquam
995 2543 1071 2610 quod

35 2615 70 2667 ad
85 2614 209 2664 Homeri
230 2617 325 2664 versus
345 2610 480 2680 pertinet,
503 2604 593 2677 ἠέλιον
609 2601 754 2674 ἀκάμαντα
776 2605 882 2674 ignem.
896 2609 1009 2677 quidam
1026 2620 1069 2664 ve-

33 2682 88 2736 lint
104 2680 270 2748 siguificsri,
292 2679 425 2749 quoniam
442 2678 487 2728 Sol
502 2679 579 2731 'nihil
594 2675 669 2730 aliud
686 2693 743 2728 esse
760 2674 904 2741 credatur,
927 2694 1011 2747 quam
1028 2679 1069 2731 lu-

36 2767 105 2805 men
127 2749 190 2817 igni
215 2750 390 2828 permiatum.
437 2748 497 2864 {oc
520 2742 1070 2868 ethgnpluspprapnflpinruppiuwuuupu
1155 2814 1158 2823 Ι

12 2817 602 2952 ·mitelli·riirsselltenlllctsidrli’iioolilliiqnc
620 2884 656 2933 ad
673 2831 804 2950 dcunsr'vii
818 2831 894 2947 liiire
916 2835 1069 2938 iictionum

30 2959 213 3026 vulgatorum
236 2955 381 3018 varietate,
404 2954 459 3005 nisi
484 2954 558 3021 quod
581 2950 661 3004 λίθον
685 2961 749 3003 ante
775 2947 885 3020 ὃιαπυρ.
911 2952 1083 3018 omittitur).¹
1161 3022 1165 3029 ι

10 3026 124 3096 'Igitur
148 3023 297 3074 secundnm
321 3024 445 3091 exempla
467 3022 540 3090 apud
558 3022 702 3090 Virgilium
715 3036 784 3069 cum
802 3023 986 3088 ‹oetumpro
1004 3028 1069 3079 εὸτι

47 3086 161 3146 ositum'
182 3091 377 3159 intelligimus,
405 3093 500 3158 ignem
527 3091 556 3142 in
574 3105 606 3141 eo
632 3088 893 3155 interpretabimur,
917 3089 989 3207 ἷυοά
1013 3084 1067 3147 ιίῐέ

54 3160 204 3228 'taniaque
222 3167 303 3211 astra.
336 3160 377 3211 Ea
394 3162 469 3212 enim
487 3176 546 3211 esse
563 3160 660 3225 ignea,
683 3175 733 3226 per
755 3156 846 3226 ipsum
868 3175 919 3227 pro
941 3159 1012 3212 anda
1036 3162 1066 3216 in

19 3230 135 3302 primis
153 3229 226 3296 quod
243 3229 294 3280 ait:
312 3228 364 3280 Ubi
381 3228 516 3279 maximus
532 3229 606 3279 Atlas
623 3230 705 3278 Arem
723 3226 841 3277 humero
858 3233 969 3294 torquet
983 3230 1068 3284 stellis

19 3297 202 3354 ardentibus
225 3305 327 3366 aptum.
361 3297 481 3349 Deinde:
504 3297 553 3348 Me
576 3296 660 3365 patris
677 3295 826 3358 Anchisae,
848 3297 975 3363 quotiens
990 3307 1066 3353 astra
1154 3352 1158 3359 ,

15 3369 117 3440 ignea
135 3374 257 3432 surgunt.
291 3366 375 3416 Item:
399 3366 472 3415 Nam
495 3383 531 3417 ne
553 3370 687 3432 quaerant
702 3373 839 3416 astrorum
861 3364 947 3431 ignes.
979 3366 1066 3421 Item:

16 3437 197 3502 Gnosiaque
214 3433 334 3485 ardentis
351 3434 465 3485 decedat
481 3434 556 3484 stella
573 3447 702 3484 coronae.
735 3433 806 3484 Item
823 3431 921 3484 Cicero
937 3432 967 3485 in
982 3435 1016 3487 11.
1030 3437 1065 3491 de

14 3505 121 3561 Deor.
139 3510 194 3555 nat
213 3507 248 3569 (c.
263 3507 306 3560 45.
327 3510 354 3553 et
370 3504 431 3564 46.)’
441 3503 494 3554 sic:
518 3501 608 3569 Quem
624 3500 767 3567 complexa
784 3513 832 3552 etc.
851 3519 937 3567 usque
954 3504 993 3552 ad
1009 3505 1066 3556 ori-

15 3584 122 3631 retur.
165 3571 278 3638 (Variae
302 3570 445 3623 lectiones:
469 3588 540 3638 quoe
564 3569 672 3632 actim,-
697 3571 804 3620 dixisse
829 3582 906 3636 ante;
930 3571 1065 3637 alantur5

17 3641 155 3698 trahunt
182 3641 212 3689 in
245 3641 335 3704 idem3
367 3640 440 3704 quod
464 3653 605 3689 astrorum
637 3642 717 3706 ignes
747 3651 773 3689 et
796 3638 916 3691 aetheris
937 3639 1064 3707 flamma

17 3719 223 3770 consumunt5
249 3709 340 3777 nostri
358 3720 494 3771 eventur.,·
517 3718 623 3773 posset,
645 3725 694 3757 nec
720 3724 860 3759 remancre
877 3711 945 3770 αἲη
970 3709 1066 3776 itaqu·

19 3780 178 3844 relinqui,
202 3793 234 3825 ac
253 3779 285 3826 de
303 3794 349 3841 ως
362 3777 459 3846 fieret,
477 3778 594 3842 denique
612 3788 730 3828 ornatus
748 3776 824 3836 orir.)
857 3774 904 3826 Sin
920 3791 985 3826 vero
1001 3792 1065 3830 coe-

15 3851 94 3904 lum
111 3845 238 3916 preigni
256 3846 285 3896 in
302 3845 344 3902 his
362 3845 482 3895 versibus
497 3845 723 3908 intellexerimus,
746 3861 829 3911 quem
846 3843 966 3896 eundem
982 3861 1064 3898 mun·

20 3920 103 3970 dum
122 3922 152 3966 et
173 3911 272 3982 κόσμον
289 3914 392 3964 dictum
410 3912 509 3978 probat
527 3914 613 3964 Varro
637 3913 667 3964 iri
683 3913 805 3981 Cynicis,
827 3913 935 3980 quemi
984 3913 1066 3984 ripsit

16 3984 150 4039 Dulium
167 3992 215 4035 aut
231 3982 321 4048 Ceria,
337 3984 390 4033 sic:
407 3981 524 4031 Mundus
542 3982 638 4032 domus
656 3989 696 4034 est
712 3980 832 4034 maxima
848 3979 915 4030 hom
947 3981 962 4045 ⁸,
978 3997 1064 4050 quem

17 4054 158 4127 quinque
181 4052 312 4105 altitonaa
339 4051 490 4103 flammeae
513 4066 599 4105 sonsa
622 4051 751 4120 cingunt,
780 4053 832 4120 pe'r
855 4065 940 4118 quam
961 4049 1064 4104 imbus

83 4174 145 4252 IL
527 4160 532 4175 ¹
836 4172 872 4224 2³
