2430 4620
225 302 260 344 n
283 264 445 355 vincia·
466 281 627 347 cuono.
647 289 687 358 2,
708 288 905 361 eso-sao.
1017 289 1085 355 ess
1166 310 1168 315 v

10 476 16 483 '
47 468 131 520 mori
168 468 279 521 Zenon:
300 483 332 521 er
355 467 410 519 boc
432 469 537 521 mundo
560 466 684 537 qtsamria
699 469 792 550 aliqua
813 468 968 536 intereant,
987 473 1087 523 umen
1112 506 1120 541 ,
1150 494 1175 533 μ

45 539 140 607 ipsum
160 547 297 605 perpetuo
314 554 443 603 manare,
468 537 533 606 quia
549 538 713 591 inhaereant
731 557 761 609 er⁸
774 538 926 605 elementa,
952 539 1086 607 aquibus

45 613 221 678 generantur
238 606 390 672 materiae,
407 613 438 657 ut
454 607 522 658 dixit
536 623 661 660 crescere
678 608 807 676 quidem,
821 609 869 663 sed
886 608 921 660 ad
938 607 1084 663 interitum

10 681 20 713 ²
43 677 291 747 nonxpersenire,
314 675 490 727 manentibus
514 675 672 741 elementis,
695 694 712 731 a
735 676 835 745 quibus
857 672 1032 730 re'valescant.
1047 700 1086 727 -.

10 754 18 783 ³
43 752 110 803 338.
140 745 195 796 Ver
220 745 295 797 illud
319 757 395 808 ernr,·
427 745 567 813 quomodo
590 745 701 796 dicunt:
729 745 859 799 homines
881 745 958 799 diem
981 746 1084 797 festum

10 821 16 853 ²
40 830 148 884 agere3
168 810 302 881 mo'gnum
321 815 429 877 oriem,
448 820 581 881 potestat
596 814 741 866 zodiacum
758 815 894 868 circulum
910 815 1018 879 dicere,
1035 813 1084 883 qui

10 914 12 919 ,
37 885 133 936 iaciat
151 882 315 935 divisionem
331 891 505 950 temporum:
530 881 603 950 quod
625 883 649 935 si
672 892 729 949 ast,
752 885 866 952 agebat,
889 899 940 955 pro
955 882 1084 935 ²ciicum⁴

36 953 167 1025 agebat,
182 951 375 1021 accipiendum
394 950 463 1016 erit,
480 951 562 1002 orhis.
578 976 613 988 -
647 959 709 1011 339.
729 951 899 1016 Perceiant3
923 953 969 1005 hic
986 958 1082 1020 parce·
1161 950 1164 959 '

36 1024 125 1074 lsnnt‘
134 1036 189 1091 pro
205 1012 388 1072 abstinebant.
399 1046 433 1057 -
469 1024 531 1077 341.
547 1018 647 1071 Ferrea
656 1045 666 1086 ,·
684 1023 750 1088 quia
765 1022 902 1075 creditum
920 1028 974 1086 est,
988 1022 1084 1143 primo
1164 1066 1172 1093 s

35 1091 179 1144 homines
195 1108 211 1142 e
227 1097 302 1140 terra
318 1098 412 1154 natos,
428 1106 444 1141 a
461 1105 515 1157 qua
529 1088 620 1140 humo
636 1089 763 1142 homines
781 1090 973 1154 existimabant
1007 1090 1086 1157 ictos.

38 1166 113 1223 342.
129 1159 349 1225 immissneque3
373 1173 425 1226 pro
450 1158 576 1209 innatae:
599 1174 689 1226 neque
713 1161 790 1212 onim
812 1159 852 1211 ab
864 1160 919 1213 alio
943 1158 1085 1211 immissae

37 1234 123 1280 sunt
140 1230 174 1267 ῖ-
208 1231 271 1285 344,
287 1228 343 1278 iret
360 1235 426 1300 epam
449 1227 508 1279 ire.
530 1227 722 1279 interveniret:
743 1228 807 1280 Fuit
830 1237 925 1282 autem
949 1228 1028 1298 prior
1044 1227 1085 1280 le·

37 1297 120 1349 crios
137 1296 291 1366 frigusque
313 1296 460 1363 colomna
484 1303 515 1346 ut
537 1295 647 1355 Plautus
668 1297 773 1363 (Mero.
790 1304 823 1363 5,
838 1307 873 1363 2,
891 1297 960 1362 19.):
985 1295 1083 1364 Neque
1181 1318 1183 1325 ·

30 1366 163 1436 frigus,
186 1378 274 1434 neque
297 1367 376 1416 color
399 1377 505 1429 metuo,
531 1381 618 1433 neque
641 1378 769 1430 ventum,
794 1383 882 1434 mque
904 1367 1082 1435 grandinem.

34 1435 356 1503 Aliter-..hypermetrus
380 1448 471 1487 versus
494 1435 555 1502 erip.
581 1459 613 1470 -
662 1438 726 1492 3452
748 1436 785 1487 Et
806 1452 877 1488 nove
901 1435 1082 1503 indulgentia

32 1500 124 1563 dixin,
156 1503 269 1558 veteres
292 1503 369 1555 enim
393 1503 590 1568 indulgitatem
614 1501 760 1568 dicebant;
786 1511 817 1554 ut
839 1504 949 1557 ooetins
971 1505 1002 1557 in
1026 1502 1083 1555 Vll.

36 1570 260 1625 consuetudine
277 1574 393 1635 neoris,
417 1572 587 1639 indulgitate
605 1571 734 1623 liberum.
760 1570 890 1639 Terras,-
912 1573 931 1626 i.
950 1593 990 1639 a,
1011 1572 1084 1625 ictus

32 1646 150 1694 terrae.
166 1667 201 1681 -
234 1643 297 1700 348.
314 1638 450 1706 Lapidem
474 1647 567 1692 autem
590 1640 735 1706 bibulum,
757 1641 805 1694 hic
828 1658 886 1695 non
907 1642 1008 1713 lapidis
1025 1640 1085 1708 epi-

35 1708 159 1762 thetum
175 1718 231 1776 ast,
253 1710 301 1763 sed
317 1726 351 1761 ex
365 1709 457 1775 lepida
473 1708 658 1775 beneficium,
678 1710 698 1762 i.
715 1728 743 1763 ε.
762 1720 915 1778 perquem
940 1719 1016 1764 terra
1031 1710 1084 1762 hu-

36 1794 161 1837 morem
184 1778 269 1848 possit
291 1777 328 1832 ad
352 1778 537 1830 redimentis
554 1777 711 1830 admittere.
744 1780 869 1830 Verbum
893 1780 991 1848 infode
1008 1777 1084 1831 venit
1180 1829 1182 1832 .

38 1848 81 1900 ab
107 1864 142 1900 eo
160 1848 234 1917 quod
259 1846 418 1917 estjodio,
457 1848 535 1912 odis,
554 1847 643 1916 fodit.
678 1846 756 1898 Unde
769 1848 883 1900 Plautus
907 1850 936 1900 in
953 1848 1083 1900 Rudente

40 1920 92 1983 (1,
110 1925 145 1984 2,
164 1917 231 1978 12.):
246 1915 394 1967 Lutuosus
412 1917 421 1978 (
451 1917 535 1967 .luto
555 1916 637 1976 usus>
655 1917 741 1967 multo
761 1918 877 1967 multam
897 1928 999 1969 terram
1012 1931 1083 1966 con·

35 1986 122 2055 fode.
158 1987 208 2050 Et,
232 1985 329 2052 infode
347 1983 484 2050 conchas,
507 1985 581 2053 circa
602 1984 709 2036 radices
732 1985 843 2036 scilicet.
860 2017 892 2027 -
928 1993 989 2045 350.
1006 1985 1083 2034 Iom-

42 2072 101 2123 que
121 2057 237 2119 reperti,·
263 2055 368 2105 etiam
389 2053 435 2104 hic
453 2068 504 2120 pro
521 2065 663 2120 propterea
688 2054 809 2122 ponitur.
843 2055 880 2105 Et
901 2063 996 2106 utrum
1019 2066 1083 2106 saxo

41 2131 74 2177 et
91 2131 179 2176 testa:
196 2138 231 2174 an
248 2122 317 2174 illud
333 2121 417 2175 sensit
432 2128 533 2173 testam
550 2139 660 2187 cavam,
677 2122 850 2189 superiorem
866 2122 1006 2192 lapidem?
1028 2123 1085 2173 hoc

42 2192 126 2247 anim
150 2190 189 2242 fit.
224 2191 291 2243 Sata
309 2198 403 2243 autem
420 2189 488 2242 dicit
503 2191 634 2260 virgulta,
659 2207 731 2259 quaa
747 2190 886 2260 presseris.
916 2194 956 2245 Et
971 2194 1024 2244 hoc
1040 2189 1085 2242 bis
1106 2224 1108 2229 ι
1166 2192 1169 2197 “

10 2276 13 2281 ·
42 2259 216 2332 repetitum3
232 2260 377 2314 nonenim
393 2259 445 2309 duo
463 2267 534 2326 sunt,
549 2259 597 2312 sed
614 2268 701 2311 unnim
717 2261 857 2326 iteratum,
875 2279 907 2314 ac
924 2262 947 2313 si
963 2262 1086 2314 dicarat:

42 2320 102 2383 hoc
117 2329 325 2381 monimentum
342 2337 440 2381 contra
456 2328 574 2394 imbres,
598 2336 627 2387 et
643 2337 741 2380 aestus.
758 2355 792 2366 -·
826 2335 888 2389 354.
905 2331 1085 2393 Seminibus5

42 2401 154 2454 iterum
179 2401 336 2451 seminibus
361 2414 413 2466 pro
436 2397 582 2448 arboribus
606 2397 695 2465 accipi
720 2406 838 2466 oportet.
877 2401 927 2466 Et,
950 2409 1084 2467 superest,
1175 2394 1183 2403 '

42 2482 165 2535 sequens
181 2475 230 2521 est.
245 2493 280 2504 -
315 2473 376 2524 360·
395 2465 551 2528 Tabulata3
568 2482 642 2517 nunc
660 2468 786 2518 rabulam
806 2468 861 2519 dici
877 2469 1083 2537 dispositionem

41 2550 210 2600 ramorum,
239 2552 289 2604 per
313 2551 381 2604 quos
403 2535 463 2586 vitis
487 2551 571 2602 usque
596 2535 632 2586 ad
657 2551 798 2586 summum
827 2539 961 2602 ascendit,
990 2545 1019 2590 at
1042 2531 1092 2587 est'

41 2604 147 2659 relatio
171 2607 245 2657 facta
268 2604 304 2656 ad
327 2620 423 2655 omnes
447 2604 493 2670 (al.
517 2604 554 2653 od
578 2606 690 2665 domos3
714 2623 732 2654 a
751 2606 906 2669 domibus),
929 2607 959 2656 in
983 2605 1083 2673 quibua

42 2671 234 2728 extructiones
256 2674 380 2739 singulae
406 2673 533 2723 tabulato
556 2672 693 2723 dicuntur.
710 2699 742 2712 —
779 2680 840 2731 367.
857 2674 1013 2741 Stirpilsus3
1036 2672 1083 2724 hic

42 2740 197 2796 radicibus.
232 2742 284 2792 Alii
301 2746 415 2809 stirpem
433 2756 483 2808 pro
499 2741 565 2809 ¹ipsa
583 2741 700 2793 materie
723 2743 820 2793 vitium
845 2744 965 2810 positum
982 2741 1084 2808 volunt,

42 2819 79 2862 ut
96 2810 174 2861 idem
191 2810 258 2861 alibi
276 2812 372 2876 (379.):
397 2810 432 2859 Et
456 2826 596 2861 ummorso
614 2813 729 2878 signata
749 2817 780 2863 in
798 2811 884 2879 stirpe
903 2813 1032 2863 cicatrix.
1047 2835 1084 2848 -

44 2886 112 2938 371.
131 2877 246 2944 Sospes3
269 2879 381 2948 insuper
405 2879 491 2930 etiam
514 2895 598 2945 pecus
621 2880 837 2947 prohibendum.
854 2907 890 2917 -
930 2885 992 2937 381.
1015 2877 1083 2931 Pro·
1152 2893 1154 2897 ·
1202 2932 1208 2939 ,

44 2948 163 3008 scenia3
186 2950 366 3014 proscenium
389 2946 569 3013 proculdubio
593 2950 730 3018 pulpitum
754 2949 828 3000 dicit.
872 2948 979 2999 Veteres
1003 2949 1084 3012 ludi3

44 3016 195 3083 Dionysia:
225 3017 409 3084 antiquissimi
434 3016 525 3080 enim,
556 3019 623 3084 quos
646 3017 757 3083 rustici,
785 3018 912 3068 confecta
935 3016 1084 3086 vindemia,

44 3084 198 3139 iaciebant.
220 3112 256 3122 -
296 3091 358 3143 382.
381 3085 527 3150 ingemas,-
556 3086 668 3151 quidam
697 3087 795 3153 legunt
819 3087 961 3153 ingeniis:
992 3093 1025 3136 ut
1047 3087 1085 3139 sit

43 3153 177 3225 praemia
194 3162 345 3222 posuerunt
361 3153 486 3221 ingeniis.
521 3155 646 3206 Dabatur
664 3161 758 3206 autem
781 3154 874 3205 hircus
897 3154 1016 3222 praemii
1031 3171 1084 3207 no·

46 3223 139 3274 mine.
185 3221 262 3273 Unde
294 3222 348 3271 hoc
379 3238 464 3289 genus
494 3223 628 3289 poematis
657 3223 829 3290 tragoediam
852 3223 946 3274 volunt
971 3224 1082 3277 dictam.

45 3291 196 3358 Compita;
216 3299 246 3340 ut
262 3290 371 3341 Relatio
390 3291 553 3357 (Trebatiol
571 3291 712 3342 Lutatio?
730 3290 860 3343 Martio?
881 3291 944 3344 Ver.
958 3291 1083 3345 flocco?

44 3360 87 3412 G.
105 3359 244 3426 repletio)
262 3361 365 3429 placet,
390 3361 466 3410 locus
484 3377 514 3411 ex
533 3360 655 3428 pluribus
672 3360 796 3429 partibus
812 3361 842 3412 in
859 3378 904 3425 se,
921 3361 964 3413 vel
978 3361 1009 3413 in
1025 3379 1084 3414 eas·

47 3428 119 3481 dem
142 3437 234 3498 partes
259 3444 291 3479 ex
314 3445 343 3480 se
366 3429 409 3480 via
433 3429 475 3493 (al.
494 3432 569 3492 vias)
593 3436 676 3496 atque
699 3428 799 3481 itinera
824 3429 959 3498 dirigens,
981 3430 1037 3483 sive
1059 3432 1084 3483 is

47 3513 119 3549 cum
136 3514 194 3562 ara,
210 3497 264 3548 sive
281 3496 338 3548 sine
356 3514 414 3562 ara,
430 3498 484 3549 sive
498 3497 548 3548 sub
565 3505 646 3562 tecto,
662 3495 717 3548 sive
730 3497 781 3550 sub
795 3499 841 3551 dio
854 3499 897 3564 sit,
913 3499 963 3557 ubi
979 3499 1084 3569 pagani

48 3574 174 3634 agrestes
190 3565 307 3618 buccina
324 3565 478 3630 convocati,
501 3566 589 3616 solent
603 3573 683 3616 certa
704 3563 775 3618 inire
791 3567 905 3620 consilia
923 3568 970 3635 (G.
986 3570 1081 3620 conci-

49 3635 114 3696 lia).
147 3634 218 3687 Hinc
236 3642 263 3685 et
278 3635 349 3686 lares
366 3635 559 3702 compitalicii,
577 3641 605 3685 et
620 3634 707 3686 feriae
723 3638 933 3706 compitaliciae.
949 3663 985 3674 -
1019 3643 1083 3695 383.

49 3703 191 3755 Thesidae
208 3721 341 3770 posuere3
364 3704 427 3755 ideo
446 3705 518 3771 qnia
528 3704 611 3772 primi
628 3703 805 3759 Athenienses
822 3705 963 3757 Liberalia
976 3711 1083 3764 ,statue-

48 3780 126 3824 runt
160 3770 295 3823 Thesidae
311 3771 377 3823 dicti
394 3789 411 3824 a
427 3788 494 3840 rege
511 3773 629 3825 Theseo.
640 3798 673 3809 -
708 3773 906 3837 389.M01ua;
924 3774 1022 3827 mollia
1036 3773 1085 3825 hic

51 3857 106 3909 pro
117 3841 250 3892 mobilia.
284 3843 320 3892 Et
335 3841 442 3893 videtur
459 3841 587 3908 Virgilius
609 3841 769 3910 opinionem
790 3843 903 3894 illorum
919 3843 1011 3909 sequi,
1036 3842 1084 3910 qui

49 3911 82 3962 in
104 3909 241 3960 honorem
258 3909 353 3962 Liberi
377 3910 463 3978 patris
479 3918 579 3977 putant
594 3911 686 3962 oscilla
709 3911 852 3978 suspendi,
874 3909 947 3978 quod
970 3911 1027 3961 eius
1050 3910 1089 3964 sit

50 3978 185 4049 pendulus
206 3978 319 4030 fructus.
357 3978 467 4030 Oscilio
486 3987 580 4030 autem
597 3978 683 4042 dicta,
705 3980 760 4032 sive
779 3979 911 4048 quoniam
927 3979 1034 4045 capita,
1056 3986 1086 4032 et

51 4063 102 4097 ora
120 4046 274 4097 hostiarum
291 4049 320 4099 in
337 4047 452 4099 summis
469 4048 579 4114 perticis
596 4047 768 4116 figebantur,
791 4047 846 4099 aive
864 4046 929 4116 quia
952 4047 1027 4100 himo
1042 4048 1085 4100 lu-
