2430 4620
137 262 202 328 170
249 206 254 215 ·
395 253 540 319 suurn
562 254 919 321 COMMENTARIUS

135 443 238 496 ronirs.
271 441 345 495 Nsm
367 449 396 495 et
411 443 523 511 senago
548 442 607 495 sino
623 443 731 497 culture
748 456 805 495 uon
823 444 958 496 irascitur:
982 451 1011 496 et
1034 445 1065 498 in
1082 446 1172 498 hortis

134 512 257 565 colendis
273 528 329 563 nou
347 513 500 576 minorem,
517 529 601 580 qrisrn
618 512 693 565 circa
709 521 811 575 terras,
828 522 937 564 constat
952 514 1077 584 impendi
1095 516 1170 566 labo-

134 597 205 634 rem.
237 582 274 632 Et
291 581 319 631 lsi
337 582 401 633 libri
419 582 663 632 didascalicisunt.
704 581 781 632 Unde
805 599 917 633 successe
942 591 997 647 est,
1021 591 1053 633 ut
1069 585 1106 635 ad
1123 585 1170 634 ali-

133 665 218 720 quem
234 650 409 714 scribantur,
425 666 491 701 narn
509 658 688 720 [irreceptum
706 659 734 702 et
750 650 871 700 dostoris
888 659 916 702 et
933 651 1060 721 discipuli
1078 669 1169 722 perso-

134 735 202 771 nam
218 719 344 787 requirit
379 719 456 770 Unde
481 720 516 772 od
539 719 733 771 Maecenatem
756 718 865 768 scribit:
890 720 960 769 sicut
976 721 1111 773 Hesiodus
1135 722 1171 772 ad

132 788 251 851 Persen,
276 787 421 839 Lueretius
438 785 473 839 ad
490 789 664 839 Memmium.
699 788 770 838 Serre
788 788 974 855 agriculturae
991 788 1073 840 huius
1091 807 1170 856 prae

87 892 90 897 ›
133 864 213 928 cepta
229 872 286 908 non
303 856 337 907 ad
356 871 452 908 ornnes
469 856 610 926 pertinent
626 864 724 919 terras,
740 855 788 906 sed
805 856 841 907 ad
857 857 945 907 solum
963 858 1048 910 siturn
1065 860 1170 923 Italiae,

53 977 57 993 ,
133 926 325 997 etpraecipue
343 925 488 989 Venetiae,
506 934 574 976 teste
592 926 651 991 ipso
670 923 784 992 Virgilio
802 924 850 993 qui
867 927 918 976 ait:
945 925 1013 979 Tibi
1031 945 1075 978 res
1094 932 1168 978 onti-

133 1013 205 1064 quue
223 995 335 1058 laudis,
351 1005 376 1044 et
394 998 465 1045 ortis
484 994 650 1061 Ingredior‚·
662 1009 727 1044 curn
745 993 779 1045 de
796 993 876 1045 ltalia
892 994 1005 1047 diceret.
1047 1004 1071 1055 1.
1092 996 1169 1063 Quid

127 1064 225 1135 sociat
242 1063 331 1114 luctas
349 1075 468 1130 τιμίας
486 1063 614 1131 [lertiles,
637 1063 800 1127 foecundas,
816 1062 834 1113 i.
852 1060 907 1126 ez]
931 1079 1063 1130 quaeres
1081 1074 1169 1118 terras

153 1137 249 1201 ingues
266 1131 375 1183 efficiet.
408 1132 481 1183 Nam
499 1139 620 1200 segetem
644 1130 727 1181 modo
744 1147 796 1199 pro
812 1140 888 1182 terra
905 1134 1010 1199 posint:
1032 1136 1072 1184 sic
1090 1134 1170 1186 alibi:

132 1150 282 1254 llorrescis
304 1203 412 1251 strictis
436 1218 513 1268 seges
539 1202 662 1250 ensibus.
705 1199 822 1265 Pingues
846 1208 941 1251 atatem
965 1201 1050 1254 elficit
1073 1211 1170 1267 terras,

134 1280 166 1323 ut
188 1269 271 1339 paulo
296 1276 357 1339 post
379 1269 500 1320 dicturus
525 1277 579 1333 est,
608 1269 693 1333 cinis,
721 1269 888 1321 intermissio
911 1270 1023 1334 arandi,
1046 1270 1169 1325 incensio

132 1341 310 1408 stiprssururn,
327 1340 495 1390 stercoratio.
529 1337 606 1389 Unde
624 1337 709 1390 etiam
728 1338 817 1389 laetas
834 1341 881 1389 ait
916 1339 990 1389 Nam
1007 1339 1104 1404 limus,
1120 1341 1168 1408 qui

133 1425 185 1478 per
208 1422 289 1476 egros
312 1406 426 1470 iacitur,
449 1407 529 1473 vulgo
552 1407 689 1457 laetamen
712 1414 834 1457 vocatur.
872 1405 956 1474 [Sane
976 1406 1056 1474 Quiri
1071 1408 1167 1478 sacrus

133 1493 191 1529 non
207 1477 377 1542 interroget,
393 1475 441 1526 sed
458 1475 623 1544 pollicetur]
658 1474 721 1541 Quo
740 1476 832 1526 sidere
849 1487 968 1541 terrum3
987 1492 1043 1545 quo
1059 1484 1165 1546 tempo-

133 1563 176 1601 re.
206 1547 247 1597 Ex
262 1544 397 1597 sideribus
414 1546 491 1598 enim
513 1552 641 1615 tempora
658 1545 833 1612 colliguntur.
866 1545 903 1594 Et
925 1544 1069 1599 sciendum
1087 1554 1166 1615 quat-

132 1622 197 1666 tuor
222 1612 321 1684 primis
344 1613 466 1665 versibus
488 1621 593 1665 textum
613 1614 788 1682 sequentium
804 1619 933 1682 quattuor
955 1613 1094 1666 libroruin
1115 1631 1168 1683 per

83 1703 89 1718 ¹
132 1684 260 1735 ordinem
283 1682 427 1734 contineri.
460 1680 541 1751 [Sane
564 1682 637 1734 silus
658 1682 771 1751 proprie
794 1690 849 1746 est,
872 1681 946 1750 quod
969 1683 999 1734 in
1023 1700 1053 1736 se
1077 1684 1170 1754 plures

133 1753 256 1804 continet
272 1751 378 1814 stellas,
393 1751 441 1803 sed
459 1771 474 1803 a
492 1753 579 1821 poitis
595 1754 708 1802 contuse
725 1752 844 1821 ponitur.
858 1778 891 1788 —
927 1760 952 1807 2.
972 1751 1091 1814 Terram
1109 1772 1169 1806 uer-

134 1833 204 1887 tere5
228 1815 445 1889 περιφραστικῶε
462 1819 562 1884 arare]
598 1819 745 1887 Ulmisque
763 1821 918 1887 adiungere
944 1824 1032 1884 vites3
1059 1822 1171 1890 [subau-

133 1889 222 1942 ditur:
239 1888 302 1956 Quo
321 1893 419 1942 ridere.
453 1890 489 1940 Et
504 1887 570 1954 hoo]
592 1888 744 1941 secundum
761 1888 856 1940 Italiae
879 1889 964 1941 eitum
989 1890 1098 1943 locutus
1115 1899 1170 1943 est:

132 1959 165 2011 in
181 1975 236 2028 qua
252 1960 319 2011 vites
336 1959 416 2011 ultius
433 1959 585 2024 eleventur,
601 1959 640 2009 sic
657 1957 723 2008 elibi
741 1962 783 2024 (2,
800 1959 868 2019 89.):
888 1956 953 2008 Non
972 1959 1068 2009 eadem
1087 1962 1170 2012 orbo-

135 2029 216 2080 ribus
259 2031 339 2080 endec
363 2029 507 2080 vindemia
534 2029 648 2078 nostris.
697 2027 773 2094 [Hoc
797 2036 892 2077 autern
915 2027 1011 2078 rustici
1034 2030 1171 2082 meritare

132 2046 298 2163 dieuntl-
333 2106 357 2154 3.
380 2097 460 2164 Qune
479 2112 547 2146 cura
567 2099 665 2162 boum,
689 2097 754 2161 quis
778 2097 871 2146 cultus
889 2095 1016 2147 habendo
1035 2100 1076 2147 sit
1091 2115 1172 2164 peoo-

135 2169 178 2232 ri;
196 2173 245 2218 eut
260 2166 290 2217 in
306 2167 431 2236 sequenti
447 2166 602 2234 epexegesis
619 2173 675 2231 est,
692 2173 723 2215 ut
739 2164 792 2215 hoc
809 2165 858 2216 sit:
878 2163 937 2230 Qui
955 2166 1049 2216 cultus
1068 2165 1171 2219 liaben-

133 2235 169 2286 slo
194 2237 233 2284 sit
254 2239 363 2300 pecori.-
395 2235 486 2304 [quod
510 2232 580 2298 est,]
609 2251 680 2302 quae
703 2249 770 2285 citra
793 2233 887 2284 boum.
933 2236 987 2284 Aut
1009 2242 1089 2288 certe
1110 2231 1171 2289 κατ’

133 2299 230 2368 listris
252 2304 292 2354 eit
316 2303 412 2368 boves,
443 2311 470 2355 et
493 2311 587 2370 postea
611 2302 703 2354 intulit
725 2310 820 2353 cetera
844 2304 982 2371 [pecora]:
1007 2310 1038 2352 ut
1062 2306 1171 2358 maiora
1198 2306 1203 2323 ¹

132 2371 264 2426 animalia
280 2379 423 2442 separaret
440 2389 456 2423 a
473 2372 640 2423 minoribus:
657 2372 728 2422 sicut
744 2371 779 2423 de
797 2371 957 2422 hominibus
973 2371 1060 2436 facit,
1077 2373 1170 2426 dicens

132 2443 171 2509 (A.
191 2449 221 2506 1,
246 2441 318 2502 30.):
340 2441 501 2506 Relliquios
527 2441 677 2505 Danaum,
700 2452 783 2505 utque
808 2442 928 2491 immitis
951 2439 1068 2493 Achilli.
1108 2443 1169 2494 Ho-

126 2511 221 2562 'liendo
242 2509 346 2576 [eutem
357 2509 373 2574 .]
391 2509 458 2560 dum
475 2510 626 2572 habentur,
644 2517 675 2560 ut
691 2510 863 2573 habeantur,
880 2511 923 2576 [ut
939 2508 1007 2560 alibi
1025 2514 1065 2575 (2,
1081 2515 1171 2576 isui:

131 2580 184 2631 Sed
201 2581 275 2647 picis
294 2583 325 2631 in
345 2597 447 2630 morem
466 2580 502 2628 ad
521 2581 625 2646 digitos
651 2579 777 2629 lentescit
794 2577 937 2629 habendo.-
960 2576 1086 2630 dativum
1102 2597 1172 2650 ergo

131 2665 184 2718 pro
201 2648 320 2717 genitivo
357 2648 434 2712 osuit,
450 2665 516 2698 narn
534 2648 727 2700 habendorum
745 2664 877 2716 pecorum
894 2648 968 2710 facit,
986 2646 1058 2698 sicut
1074 2650 1171 2718 epium

131 2732 290 2790 parcarum.
348 2719 485 2768 tculrum
503 2717 548 2767 hic
573 2715 765 2768 hebitudinem
783 2715 905 2784 corporis
928 2715 1080 2783 signifieat,
1103 2720 1171 2771 elias

132 2795 270 2838 ornatum.
304 2785 444 2838 Sallustius
462 2787 538 2852 (Hist.
554 2791 580 2847 6,
594 2785 660 2845 21.).·
679 2784 763 2834 Cultu
783 2788 909 2851 corporis
927 2797 1031 2835 ornato
1049 2791 1171 2855 egregio.

131 2856 168 2907 Et
192 2857 268 2923 (lug.
285 2855 359 2917 33.):
391 2856 475 2906 Cultu
501 2873 585 2921 quom
611 2856 731 2903 maxime
756 2855 916 2904 miserabili
937 2853 1060 2904 Romam
1084 2860 1169 2909 venit.

132 2924 205 2976 Alias
221 2925 257 2975 ad
280 2925 405 2975 animum
423 2925 550 2976 refertur.
584 2922 621 2972 Ut
646 2925 687 2986 (A.
704 2929 737 2988 8,
755 2924 844 2982 316.):
870 2921 958 2988 (lueis
987 2939 1075 2990 neque
1102 2930 1173 2992 mos,'

59 3011 62 3025 ·
132 3010 221 3058 neque
239 2995 332 3043 cultus
351 3006 417 3044 erat.
450 2992 589 3044 Sallustius
607 2991 676 3057 (Cat.
691 2991 759 3053 11.):
776 2991 888 3042 indocti
906 2992 1064 3058 incultique
1081 2997 1170 3045 vitam

132 3064 221 3112 sicuti
243 3066 454 3128 peregrinantes
479 3058 645 3127 transegere
665 3085 696 3096 -
737 3065 763 3117 4.
788 3057 919 3124 Quantu3
946 3077 1033 3127 qutun
1058 3078 1169 3132 magna.

130 3129 267 3181 Habenda
285 3134 395 3197 pecori}
413 3131 466 3181 hoc
484 3139 532 3194 est,
548 3138 578 3179 ut
596 3129 730 3180 habeatur
747 3127 848 3198 pecus]
882 3129 1082 3197 Experientia;
1100 3149 1170 3197 usus,

131 3206 247 3260 natura3
265 3200 405 3260 doctrine;
430 3200 494 3266 [hoc
512 3207 552 3251 est
567 3194 587 3264 ἠ
604 3200 702 3265 πεῖρα,
727 3197 767 3248 vel
784 3197 901 3262 notitia]
937 3198 1037 3250 Parcis
1055 3204 1168 3267 (eutem)

132 3267 325 3318 servatricibus
342 3271 471 3336 frugum,
496 3285 567 3335 quae
586 3267 668 3318 mella
685 3266 851 3318 custodiunt.
868 3293 901 3303 -
937 3275 960 3325 5.
978 3267 1070 3336 [Hinc
1088 3287 1166 3319 eane-

134 3353 163 3391 re
181 3337 337 3405 intirim,-
354 3353 421 3407 pro:
439 3337 539 3391 dehinc
556 3337 599 3391 vel
615 3337 759 3409 deinceps3
775 3350 832 3386 non
851 3334 920 3404 ergo
937 3335 974 3388 ab
993 3338 1106 3406 apibus,
1121 3339 1167 3390 sed

161 3534 189 3588 1)
218 3536 268 3577 Cod.
282 3535 342 3575 Leid.
356 3549 407 3575 uirus
421 3512 491 3574 initio:
507 3539 598 3589 pingues
613 3543 694 3583 terram
714 3549 762 3574 nam
771 3535 835 3583 fimus
849 3536 913 3587 vulgo
934 3536 1074 3577 laetamen
1087 3536 1166 3579 licitur,

218 3592 300 3642 reliquis
321 3593 405 3632 omissis.
433 3594 486 3633 Dein
508 3607 544 3642 pro
560 3601 615 3632 {erra
636 3594 661 3631 G.
681 3600 819 3634 terraniano.
841 3606 860 3629 v.
880 3593 963 3629 salmas.
984 3595 1061 3633 Exere.
1080 3596 1130 3634 Ptin.
1147 3609 1167 3643 p.

217 3647 267 3688 259.
281 3653 353 3688 Burm.
381 3651 435 3689 Dein
454 3663 474 3688 r.
494 3652 571 3690 atriolis
592 3664 630 3695 our.
654 3652 695 3702 Ἠ
715 3649 806 3688 seruulus
825 3662 862 3699 pro
882 3649 963 3688 ensrlrss
983 3650 1032 3690 hab.
1054 3652 1079 3691 G.
1099 3654 1124 3692 L.
1143 3654 1167 3689 R.

218 3709 266 3745 Vos.
281 3707 348 3745 Guelr.
362 3707 377 3744 l.
391 3707 416 3745 ll.

158 3787 188 3837 2)
218 3787 244 3827 (³.
259 3771 345 3839 Proprie
367 3789 418 3828 enim
433 3789 484 3825 vites
505 3787 565 3836 ulmis
580 3787 718 3830 nran'sansur,
738 3792 761 3826 ut
776 3787 832 3836 s'pse:
853 3788 986 3838 Summusque
1005 3790 1065 3840 sequi
1076 3789 1168 3828 tabulatu

213 3857 253 3895 per
267 3845 345 3888 ulmos,
361 3850 380 3882 et
394 3843 504 3882 secuudum
519 3850 557 3879 etc.

161 3924 188 3974 3)
218 3924 258 3962 Vv.
275 3923 316 3963 Sed
325 3925 379 3978 picis
393 3946 406 3955 -
419 3937 506 3972 -pecus
521 3925 549 3970 (v.
563 3918 593 3968 4.)
609 3922 672 3958 omitt.
689 3921 756 3960 Guell.
770 3921 785 3958 l.
799 3900 830 3958 ll.—
843 3923 868 3960 G.
883 3924 908 3961 L.
923 3925 948 3961 R.
964 3925 1025 3974 vos.;
1045 3926 1066 3964 in
1083 3928 1108 3963 G.
1124 3940 1168 3964 vero

219 3980 313 4018 additur:
328 3981 405 4018 cultum
416 3981 486 4029 posuit
499 3992 537 4028 pro
554 3980 636 4016 cultiora
644 3993 651 4025 ;
673 3979 755 4018 cultura
770 3981 822 4017 enim
837 3987 917 4017 constat
933 3983 954 4019 iu
970 3984 1040 4023 uns‘snr'
1052 3986 1170 4033 intensione?

220 4037 288 4079 ouum
303 4043 371 4079 smum
385 4039 407 4079 in
421 4037 467 4091 ipim
481 4037 548 4089 operis
563 4035 677 4087 diligentus
706 4036 729 4076 ln
744 4034 783 4074 lius
796 4037 866 4076 lturm.
881 4041 987 4079 transiere.
