2452 4626
148 257 214 319 218
415 246 555 309 suuvu
578 247 934 313 COMMENTARIUS

149 450 235 487 corno
258 433 326 488 lacit
342 433 513 502 graueeimae
530 433 648 503 pluviae,
671 441 701 487 et
721 435 871 505 praecipue
894 435 1030 487 initalia.
1065 436 1144 490 Unde
1158 447 1183 489 et

147 504 277 557 Horetivu
295 503 400 567 (Germ.
420 512 453 567 2,
472 510 522 565 17,
539 502 593 564 20.)
611 505 665 554 ait:
680 503 734 553 Seu
754 516 895 570 tyrannus
913 504 1071 571 Hesperiae
1090 504 1182 571 Capri-

149 591 253 625 cornus
275 574 374 623 nndne.
408 572 445 621 b't
461 571 490 621 in
509 572 623 639 Scorpio
641 572 802 640 grandinea:
825 575 894 624 item
918 575 1028 626 in‘alio
1054 574 1182 627 fulmina:

128 643 180 697 'in
198 644 253 695 alio
270 649 373 693 ventor.
407 640 486 691 Unde
511 641 645 710 praecipit
668 657 718 692 noe
735 642 805 694 scire
823 643 941 706 debere,
966 645 995 695 in
1013 642 1093 712 quod
1110 661 1138 696 ee
1153 645 1183 695 ei·

147 729 235 780 girum
258 711 376 779 recipiat
397 708 470 759 eidus
493 707 611 760 Saturni.
653 708 723 761 Sene
746 711 840 780 perire
865 712 906 763 ait
928 712 1077 779 Receptets
1103 721 1134 764 ut
1155 730 1183 766 er

146 782 352 850 frequentativo
376 776 458 829 verbo
481 776 561 828 nobie
585 779 753 842 ostenderet,
783 778 937 831 Saturnum
959 782 1003 839 bie
1028 780 1066 833 ad
1090 796 1184 845 unum·

147 851 276 921 quodque
305 848 415 917 signum
446 846 559 897 reverti:
590 847 665 915 quod
697 847 745 898 alii
768 848 897 915 planetae
921 850 1042 913 minime
1075 850 1183 903 iaciunt

146 920 224 972 bolus
247 918 324 972 euim
348 924 389 968 eet
406 914 454 985 qui
471 924 500 966 et
514 915 623 984 longius
640 935 656 967 a
673 917 730 968 sole
748 916 883 983 discedat,
906 927 935 970 et
960 920 1000 971 bis
1025 920 1064 971 ed
1089 936 1183 971 riuum·

146 988 274 1060 quodque
297 987 408 1053 rignum
430 992 565 1035 recurrat.
585 1010 618 1020 —
653 992 715 1042 337.
733 983 813 1053 Quos
831 988 910 1054 ignis
928 990 1014 1053 coeli,
1041 986 1183 1055 Cyllenius

146 1070 218 1111 erret
243 1059 275 1108 in
301 1056 396 1118 orbes,-
415 1052 501 1172 Eride
527 1061 581 1117 eet,
604 1053 634 1104 in
660 1069 729 1123 quoe
753 1055 834 1106 orbes
859 1056 927 1108 coeli
953 1065 1031 1109 erret
1049 1044 1184 1125 Cyllenius

145 1129 227 1199 ignit.
263 1123 309 1189 Et]
327 1124 398 1175 bene
441 1134 510 1187 rret,
535 1138 602 1173 nam
627 1121 753 1191 planetae
770 1132 902 1177 vocantur
919 1121 974 1178 ἀπὸ
999 1120 1051 1193 τῆς
1075 1124 1184 1193 πλάνης,

144 1198 164 1251 i.
182 1214 205 1249 e.
224 1194 260 1247 ab
279 1208 382 1246 errore.
411 1192 489 1255 ¹Nam
506 1190 648 1242 interdum
664 1191 693 1241 in
711 1200 852 1257 austrum,
867 1193 1011 1261 interdum
1026 1197 1061 1247 in
1078 1205 1186 1265 repten-

144 1266 283 1329 trionem,
299 1262 463 1331 plerumque
480 1269 579 1310 contra
596 1260 746 1326 mundum,
767 1277 978 1332 nonnumquam
996 1280 1065 1315 cum
1082 1265 1184 1316 mundo

143 1338 282 1390 feruntur.
298 1357 333 1368 -
368 1335 430 1387 338.
448 1328 603 1395 Inprimis
627 1346 760 1380 venerare
785 1332 866 1396 deos;
892 1340 954 1399 poet
976 1333 1052 1387 hoec
1068 1334 1184 1403 ‘cognite

146 1406 183 1459 da
197 1399 347 1474 praecipue
366 1414 482 1468 opernm
505 1396 658 1463 sacrificiis,
683 1398 781 1478 quibus
803 1408 999 1467 tempestates,
1023 1408 1056 1455 et
1077 1403 1183 1473 pluviae

145 1473 251 1546 possint
267 1468 371 1538 rcpclfi.
404 1466 443 1517 Et
466 1464 537 1517 mire
562 1466 616 1517 hoc
633 1474 727 1518 statim
743 1468 896 1521 subiunxit:
921 1471 988 1539 quie
1011 1470 1183 1536 occurrebat,

145 1542 213 1613 quid
228 1536 340 1611 prodest
363 1542 540 1604 tempestates
556 1535 662 1586 futurae
679 1536 791 1588 videre?
824 1539 860 1590 Et
877 1538 955 1605 :bene
977 1538 1043 1608 [ait]
1063 1538 1099 1591 ln
1117 1542 1180 1605 pri-

148 1614 218 1668 mis;
234 1611 252 1661 i.
266 1627 289 1660 e.
308 1605 464 1685 praecipue,
481 1601 531 1673 [et]
547 1611 610 1655 aute
629 1604 731 1656 omnia.
765 1606 838 1658 Nam
855 1607 909 1659 alia
926 1610 1056 1676 neglecta
1070 1615 1182 1687 portum

144 1680 249 1735 habere
273 1674 511 1729 emendationem:
542 1680 691 1740 tempestae
721 1675 818 1741 (vero)
842 1675 1004 1743 adveniens,
1034 1678 1090 1729 nin
1116 1685 1180 1729 ante

73 1768 76 1773 ·
144 1746 311 1821 praeviderit
341 1742 427 1811 (codd
451 1740 555 1810 prou),
585 1743 710 1797 universe
733 1744 881 1797 subvertet.
905 1771 940 1782 -
988 1750 1052 1805 339·
1077 1747 1181 1797 Annua

145 1836 230 1874 sacra
255 1814 328 1883 refer
353 1812 462 1875 Cereri,-
486 1811 672 1863 anniversaria
696 1827 815 1880 magna,
839 1812 931 1882 eic[ut]
954 1814 985 1865 in
1000 1810 1124 1868 'Aeneide
1142 1818 1180 1883 (A.

145 1884 283 1955 3,173.):
302 1886 404 1933 Annua
423 1897 494 1948 quae
512 1878 626 1948 differre
645 1880 742 1949 nefas:
770 1884 818 1950 [Et
834 1882 997 1935 Ambarvele
1013 1884 1180 1949 sacrificium

145 1954 233 2023 dicit]
267 1950 363 2005 Laetis
390 1962 520 2018 operatus
545 1951 577 1998 in
602 1949 709 2010 berbin
735 1960 783 2003 aut
805 1952 873 2003 dans
898 1968 914 2001 o
935 1968 1015 2004 eram
1036 1952 1179 2005 conviviis:

145 2033 194 2080 aut
210 2038 297 2094 quum
315 2038 400 2092 opera
417 2026 516 2071 ctuicta
533 2016 722 2085 compleveris.
740 2047 775 2057 -
808 2022 898 2088 340.[
923 2033 1045 2081 etremne
1064 2024 1119 2074 sub
1137 2037 1181 2071 ca·

144 2112 209 2148 sum
233 2092 350 2154 hiemis,-
374 2091 450 2140 circa
471 2088 557 2138 linem
579 2088 695 2151 hiemis,
718 2097 867 2157 antequam
891 2106 937 2141 ver
959 2088 1085 2169 incipiat.
1119 2090 1179 2145 Iam

144 2181 207 2217 vere
232 2179 345 2222 sereno,-
368 2175 431 2220 ver,
453 2156 568 2226 pluviale
592 2164 700 2227 tempus
725 2164 780 2210 est:
804 2160 853 2210 red
875 2158 950 2211 circa
972 2158 1062 2211 finem
1085 2158 1179 2228 incipit
1214 2200 1217 2207 .

143 2249 202 2288 aare
218 2245 356 2284 serenum.
390 2225 465 2277 Dicit
482 2240 549 2292 ergo
572 2224 637 2276 Vere
656 2242 768 2291 sereno,
785 2235 816 2278 ut
832 2227 941 2295 sit-iam
958 2235 1025 2279 tunc
1042 2234 1075 2281 et
1091 2244 1136 2283 ver
1152 2236 1179 2281 et

142 2318 279 2356 menum.
305 2324 337 2335 ·-
380 2300 442 2351 341.
460 2293 540 2343 Tunc
566 2299 636 2362 ogni
659 2297 796 2363 pingues;
819 2296 935 2349 subaudi
958 2298 1114 2365 sunt:„qui¹
1133 2305 1178 2348 aut

143 2372 244 2443 epulis,
275 2375 323 2417 aut
346 2362 484 2415 sacrificiis
509 2371 572 2413 sunt
595 2362 679 2434 apti]
720 2364 897 2416 Mollissima
920 2368 1006 2427 oino3
1036 2366 1178 2419 defoecata

144 2436 195 2512 [et]
219 2437 367 2507 asperitate
392 2432 525 2484 carentiae
540 2458 575 2469 —
610 2438 671 2490 342.
690 2432 814 2498 [Densne
834 2436 865 2484 in
884 2435 1028 2487 montibus
1047 2436 1177 2501 umbrae,-

142 2510 208 2581 quie
233 2515 298 2557 tunc
321 2501 456 2570 incipiunt
479 2500 592 2553 arbores
616 2501 813 2568 frondescere]
831 2529 864 2540 —
900 2508 962 2561 343.
981 2502 1050 2555 Tibi
1057 2527 1068 2569 ,·
1085 2505 1116 2557 in
1132 2505 1178 2557 lao-

142 2569 566 2689 noremt1111111,pet]i11tuam
583 2570 710 2638 gratiam.
728 2601 763 2612 -
796 2575 858 2630 344.
877 2573 932 2624 cni
949 2585 980 2623 tu
999 2573 1072 2623 lactc
1105 2574 1179 2639 avos,

143 2660 169 2701 et
187 2647 250 2697 miti
268 2643 345 2694 dilue
389 2638 489 2706 ncclvo;
508 2637 526 2690 i.
544 2657 582 2704 e.,
599 2639 644 2689 cui
660 2648 691 2690 tu
706 2639 764 2692 liba
781 2639 815 2693 de
831 2643 917 2707 lacte,
932 2642 1031 2707 melle,
1048 2643 1090 2709 [et
1118 2643 1177 2694 vino

141 2717 215 2784 (lac).
250 2713 322 2764 Nam
341 2706 512 2777 superfluum
530 2716 571 2760 est
587 2708 659 2776 quod
678 2709 792 2777 quidem
808 2711 920 2776 dicunt,
946 2718 1047 2762 contre
1067 2712 1178 2781 religio·

143 2802 210 2840 nem
226 2782 323 2835 dixisse
339 2777 498 2847 Virgilium,
515 2775 621 2845 [licere]
639 2776 735 2830 Cereri
753 2779 787 2831 de
804 2779 867 2831 vino
884 2779 1051 2842 sacrificari3
1067 2779 1177 2833 Pontifi-

141 2854 215 2909 caleo
231 2864 351 2919 nutuque
375 2847 427 2899 hoc
443 2862 500 2897 non
518 2852 610 2898 vetant
632 2844 706 2898 libri.
740 2847 820 2915 Quod
837 2857 931 2899 autern
949 2848 988 2899 ait
1003 2848 1117 2901 Plautus
1135 2850 1177 2916 (ia

54 2926 57 2931 ’
141 2920 282 2977 Aulularia
298 2928 330 2979 2,
347 2922 380 2983 6,
398 2914 452 2978 5.)‚
477 2914 553 2966 cuiue
569 2913 610 2966 illi
626 2921 740 2965 utuntur
757 2918 895 2984 exemplo,
913 2917 1043 2969 Cererine
1062 2923 1177 2987 nuptias

137 2990 252 3061 facturi
277 2984 366 3040 estis?
393 2982 465 3052 qui?
491 2986 559 3050 quia
586 2985 679 3033 tevneti
703 2984 778 3036 nihil
796 2987 916 3037 allatum
942 2987 1081 3054 intelligo.
1117 2989 1177 3038 Non

142 3068 184 3114 est
208 3058 273 3111 huic
296 3056 357 3108 loco
381 3052 561 3104 contrarium.
608 3052 680 3103 Nam
709 3055 784 3106 aliud
807 3062 848 3107 est
869 3053 1075 3122 sacr[ilici]um,
1106 3055 1178 3108 aliud

142 3127 251 3199 nuptiae
269 3122 379 3177 Cereris
395 3120 552 3174 celebrare:
576 3120 605 3172 in
624 3120 723 3189 quibus
739 3140 771 3176 re
788 3128 854 3176 veie
871 3123 1117 3181 vinumndhilreri
1133 3141 1178 3176 ne-

143 3197 185 3250 iat
210 3196 314 3257 ficerat,
339 3206 409 3261 quae
432 3189 499 3243 Orci
522 3191 635 3260 nuptiae
659 3190 838 3259 dicebantur,
860 3210 928 3262 quas
950 3194 1109 3262 praesentia
1132 3210 1178 3245 sua

110 3320 116 3333 Ι
142 3263 284 3335 pontifices
309 3258 416 3327 ingenti
433 3258 617 3311 sollemnitate
637 3259 822 3313 celebrabant.
857 3263 911 3313 Alii
926 3262 1000 3313 hunc
1019 3262 1115 3313 locum
1132 3262 1179 3314 ali-

141 3342 186 3389 ter
204 3330 357 3399 accipiunt,
381 3335 412 3379 ut
428 3326 498 3378 Miri
515 3327 640 3392 Baccho,
662 3345 718 3381 non
735 3330 770 3381 rit
786 3332 918 3402 septimus
934 3329 1049 3399 [casus],
1067 3332 1117 3384 sed
1132 3332 1178 3382 da-

142 3402 226 3455 tivus:
246 3408 274 3453 et
290 3396 344 3450 duo
362 3396 479 3449 numina
495 3396 697 3465 intelligamus,
713 3398 809 3451 Liberi
826 3409 854 3452 et
868 3399 992 3451 Cereris:
1009 3416 1079 3451 nam
1095 3416 1177 3469 supra

142 3485 254 3541 quoque
271 3467 323 3520 ait:
347 3465 493 3536 Inprimis
512 3482 644 3519 venerere
660 3467 733 3518 deos.
767 3468 803 3519 Ut
820 3468 855 3520 sit
875 3485 984 3533 sensus,
1007 3469 1055 3519 cui
1072 3469 1178 3533 Cereri,

143 3547 172 3593 et
194 3538 257 3589 miti
281 3534 390 3587 Baccho
415 3536 450 3601 (i.
468 3553 491 3585 e.
509 3533 612 3586 Libero
637 3534 725 3604 petii)
748 3536 823 3590 favos
846 3538 917 3589 lacte
943 3536 1031 3589 dilue:
1054 3536 1073 3588 i.
1091 3556 1116 3590 e.
1140 3537 1177 3590 eis

143 3606 269 3663 reorilica
293 3604 376 3658 melle
400 3612 430 3657 et
450 3603 522 3657 lacte
544 3604 694 3674 permixtis.
709 3628 754 3675 -Ι
794 3608 857 3681 345.
880 3604 962 3658 Felix
986 3605 1098 3671 hostin3
1121 3605 1138 3658 i.
1155 3623 1178 3659 e.

171 3774 222 3827 340)
251 3776 278 3816 G.
291 3776 306 3815 l.
320 3775 380 3817 Extr-
393 3775 432 3815 rub
446 3788 524 3821 terrim,
538 3789 587 3828 pro:
602 3789 697 3817 cerneum
710 3778 725 3819 i.
739 3791 758 3817 e.
771 3776 838 3816 inem.

171 3856 222 3910 344)
249 3860 274 3897 ln
292 3858 338 3897 loeo
356 3857 423 3897 Plauti
441 3858 468 3897 12.
491 3862 574 3901 cerere.
595 3862 620 3898 V.
644 3862 722 3901 cereris
741 3852 785 3906 lie,
805 3860 832 3899 R.
846 3859 894 3898 vos.
913 3860 1020 3906 oerertna,
1044 3861 1113 3901 Guell.
1126 3863 1142 3900 l.
1156 3860 1178 3900 ll.

232 3916 306 3957 omn·-
321 3914 346 3954 cl'.
366 3914 456 3954 llluorob.
470 3914 495 3963 3,
509 3917 544 3957 11.
572 3918 624 3958 Mox
643 3920 680 3967 qni
699 3916 762 3956 omitt.
782 3918 808 3956 R.
823 3918 870 3955 Vct.
885 3917 924 3965 al.;
944 3919 981 3970 qui
994 3920 1038 3957 eine
1052 3928 1126 3957 temeto
1141 3920 1179 3956 line

229 3973 341 4013 adveniens
361 3971 429 4012 Guell.
442 3972 458 4009 l.
471 3972 496 4012 tt
515 3974 541 4014 L.
556 3973 581 4011 V.
595 3974 621 4012 R.
636 3976 684 4012 Vos.
704 3981 725 4012 et
738 3975 786 4012 Ure.
805 3973 850 4015 eod·
870 3974 953 4027 reliqui·
974 3975 1054 4016 omnin
1073 3976 1151 4029 (occul
1164 3976 1178 4013 l.

229 4030 254 4072 ll
268 4026 387 4082 adventu).
413 4028 518 4073 roncone
531 4042 569 4085 pre
583 4030 673 4085 nunno
682 4032 714 4073 nl.
728 4030 794 4075 video.
