2430 4620
136 254 200 319 13⁸
391 246 531 311 suuvu
553 245 908 310 COMMENTARIUS
928 288 937 301 ,

132 431 287 502 intelligat?
309 432 410 485 Falsus
427 431 597 501 hyacinthos
621 432 696 499 apud
715 439 822 484 veteres
846 432 1033 501 unusquisque
1051 448 1101 500 eo,
1126 451 1167 486 su·
1202 420 1206 437 ¹

134 519 184 573 per
202 503 275 571 quod
292 502 414 566 iacebat,
431 506 531 571 fultus
548 501 699 553 dicebatur,
733 500 854 551 Lucilius
877 501 907 552 in
929 504 1027 554 tertio:
1051 503 1088 554 Et
1112 506 1169 569 pul-

134 574 201 623 vino
215 572 327 640 fultus:
355 572 480 639 tirgilins
497 575 572 636 (iteri.
589 578 620 634 7,
637 576 706 630 9111
733 572 821 636 Atque
839 570 941 620 harum
959 568 1078 639 effultus
1096 583 1167 640 tergo

134 638 197 704 ete]
214 667 249 677 -
283 648 325 698 51.
343 642 412 691 llice
431 642 482 689 suls
503 643 603 705 nigra3
628 639 669 689 vel
693 638 839 703 umbrosa,
865 640 907 690 vel
931 657 962 691 re
987 657 1054 692 vera
1077 642 1169 709 nigra:

135 726 201 761 uam
217 708 278 759 talis
296 717 344 760 est
380 708 516 758 Pallentes
535 710 661 759 ruminat
675 706 789 771 herbas,
808 708 934 773 revomit,
951 715 978 759 et
996 707 1089 760 denuo
1106 725 1168 762 eon·

134 778 218 831 sumit
234 779 327 845 [atque
347 781 446 829 iterum
465 791 545 843 pasto
564 780 693 841 pascitur
711 789 775 825 ante
794 778 872 827 cibo.-
890 777 929 827 sic
943 776 1057 829 Ovidius
1068 779 1165 844 (Ama.

135 846 306 912 3,2,10*.)].
341 846 510 897 ltuminau‘o
530 855 624 896 utitem
641 845 715 896 dicta
732 851 773 898 est
790 861 807 894 a
823 862 921 909 ruma,
946 846 1089 898 eminente
1111 855 1168 913 gut·

135 917 204 968 turis
220 924 315 986 parte:
339 932 388 985 per
405 930 491 983 quam
508 914 640 965 densissns
657 914 734 965 cibus
751 931 768 964 a
784 914 867 964 certis
884 921 1029 965 revocatur
1047 914 1169 969 arimati-

134 985 193 1037 bus.
229 986 366 1035 Pallentes
383 992 477 1035 autem
495 984 536 1034 vol
552 983 656 1034 aridas:
680 982 721 1034 sel
742 998 813 1050 quae
831 983 931 1034 ventris
948 982 1041 1033 calore
1057 984 1168 1054 propria
1200 990 1209 1043 ,’

134 1052 271 1105 viriditate
295 1062 452 1103 sortierunt.
477 1078 512 1089 -
559 1059 602 1109 55.
627 1053 682 1101 Aut
705 1053 833 1118 aliquam
859 1053 890 1101 in
915 1069 1018 1118 magns
1042 1056 1167 1119 sequitur
1201 1050 1209 1065 ”

134 1139 233 1190 gage,-
258 1119 408 1189 [aliqnam,
432 1122 450 1172 i.
473 1140 513 1185 e.,
535 1118 667 1183 vaccam]
701 1122 738 1170 Ac
761 1120 785 1171 si
810 1119 927 1171 diceret:
950 1121 1045 1173 Habes
1067 1121 1167 1190 aliquid
1200 1176 1203 1181 ,

134 1194 206 1262 spei:
224 1190 362 1258 siquidem
377 1191 454 1241 norit
470 1207 565 1241 ninere
583 1204 667 1257 quem
683 1188 780 1255 diligis.
815 1188 976 1239 Notandum
993 1198 1091 1242 autem
1108 1209 1165 1258 gre·
1199 1196 1206 1251 ζ

155 1277 196 1311 sm
220 1275 285 1312 eum
309 1259 344 1309 de
368 1258 457 1309 bubus
480 1259 591 1322 dixisse,
618 1274 683 1307 cum
709 1255 845 1326 [proprie]
879 1261 1013 1308 Armenta
1040 1258 1167 1311 dicamtu.
1200 1268 1204 1273 '

159 1333 214 1380 icet
237 1342 304 1394 grex
327 1327 362 1376 sit
386 1327 573 1396 quorumlibet
597 1326 760 1378 animalium
785 1327 973 1394 congregatio.
1006 1326 1050 1378 Sic
1068 1328 1165 1380 Cicero

134 1398 164 1448 in
180 1395 337 1465 Philippicis
354 1400 395 1461 (3,
414 1396 480 1454 12.):
504 1394 591 1444 Fudit
608 1395 771 1460 apothecas,
794 1396 895 1445 cecidit
912 1413 1011 1462 greges
1030 1409 1164 1449 armento·

136 1484 207 1519 rum.
241 1463 369 1515 Claudite
395 1464 548 1531 nympham
575 1463 674 1515 melius
697 1463 751 1515 hoc
774 1480 791 1515 a
816 1479 934 1530 persona
956 1464 1108 1532 Pasiphaes
1130 1464 1165 1517 di·

134 1544 211 1586 ctum
235 1533 398 1602 accipimus:
423 1540 453 1582 nt
476 1533 549 1583 dicat
570 1533 690 1596 silenus,
713 1532 766 1584 hoc
791 1532 868 1584 illam
892 1533 1041 1600 aliquando
1057 1534 1206 1587 111111ιεύ

135 1604 277 1674 [Claudite
296 1603 402 1665 saltus,
426 1601 580 1653 scilicetne
599 1601 677 1652 latius
695 1608 841 1667 evagetur,
863 1617 951 1669 eoque
969 1602 1061 1654 minus
1086 1603 1165 1671 possit
1200 1614 1204 1619 ·

134 1669 299 1740 investigari.
318 1697 353 1708 —
387 1676 429 1727 57.
446 1669 479 1720 Si
496 1687 567 1735 qua;
587 1685 639 1741 pro
663 1672 705 1733 si,
727 1669 770 1721 vel
791 1671 819 1720 si
836 1686 890 1736 quo
910 1672 1000 1722 modo.
1036 1671 1164 1735 Dicteas;
1194 1670 1201 1735 j

135 1741 222 1792 Dictis
240 1755 318 1791 mons
336 1737 470 1804 increta,
485 1739 515 1790 in
534 1753 587 1805 quo
605 1739 739 1805 Pasiphae
755 1754 861 1789 amasse
879 1746 991 1789 taurum
1007 1739 1164 1806 dicitur.]-
1195 1799 1199 1805 ,

135 1816 178 1868 58.
195 1808 364 1860 Errabunda
389 1807 469 1857 bouis
492 1810 629 1873 vestigiu,·
651 1807 721 1861 illud
742 1807 886 1875 expressit,
911 1808 984 1874 quod
1009 1824 1068 1860 uno
1084 1809 1163 1862 verbo

135 1881 271 1930 Homerus
288 1877 340 1941 ait,
364 1871 497 1929 εἰλίποδας
513 1874 593 1944 βοῦς,
617 1877 671 1928 hoc
689 1883 743 1938 est,
766 1875 844 1927 flexis
867 1876 983 1945 pedibus
999 1875 1164 1931 incedentes
1199 1872 1204 1901 ³

59 1942 63 1949 “
135 1948 183 2067 ὶΕῑ
198 1955 240 1999 est
255 1945 448 2012 Principium,
471 1962 557 2015 prope
574 1944 670 1996 contri
686 1945 824 1997 rationem
841 1942 1007 2012 figuratum:
1033 1947 1079 2001 vel
1094 1965 1165 2001 erra-

157 2017 246 2080 unda,
262 2018 398 2077 errantia,
415 2021 446 2065 ut
461 2013 641 2079 ludibundus,
657 2013 770 2078 ludens,
786 2013 884 2067 Cicero
903 2015 944 2079 (in
962 2016 1039 2067 Verr.
1055 2023 1085 2081 3,
1100 2017 1164 2079 67.):

136 2086 244 2137 Omnia
262 2083 439 2134 ludibundus
456 2082 617 2150 conficiens.
643 2081 774 2143 Nostris3
792 2089 820 2133 et
836 2083 882 2133 liic
899 2083 1009 2148 nostris,
1025 2092 1057 2135 ut
1065 2085 1166 2138 Teren-
1206 2090 1209 2104 ⁴

134 2154 189 2205 tius
204 2153 234 2204 in
251 2149 348 2205 ἑαυτὸν
364 2157 554 2219 τιμωρουμένῳ
572 2157 642 2218 (3,1,
653 2152 720 2211 67.);
740 2150 884 2216 Quomodo
904 2154 1022 2204 minimo
1039 2156 1163 2220 periculo

136 2224 167 2273 id
191 2223 288 2274 demus
307 2222 529 2285 adulescentulo,
552 2222 569 2272 i.
589 2238 612 2272 e.
636 2210 703 2285 des]
720 2246 753 2257 -
788 2224 832 2276 60.
851 2221 894 2269 Ad
913 2218 1070 2289 Cortynia5
1097 2223 1165 2277 bena
1197 2240 1205 2281 ¹,

135 2293 173 2341 ad
191 2290 335 2358 Cortynia.
370 2291 444 2339 Nam
460 2291 531 2360 apud
549 2289 663 2341 Gnoson
679 2288 836 2358 imperabat
852 2288 952 2354 Minos,
968 2293 1027 2342 eius
1043 2293 1165 2345 maritus.

135 2360 214 2411 Unde
237 2360 301 2410 illuc
324 2367 435 2409 taurum
449 2368 509 2409 non
527 2358 582 2408 vult
600 2358 705 2409 venire:
729 2357 778 2409 sed
801 2357 837 2408 ad
854 2358 999 2425 Cortynia,
1021 2361 1164 2430 [oppidum
1203 2386 1206 2391 ·

136 2425 270 2492 Cretae,]
293 2427 341 2477 ubi
358 2428 469 2478 fuerant
492 2427 637 2494 aliquando
655 2426 723 2477 Solis
737 2434 880 2491 armenta.
897 2453 932 2463 —
965 2434 1008 2484 61.
1029 2427 1106 2479 Tum
1123 2446 1164 2480 ca·
1197 2428 1203 2456 ³

137 2498 180 2548 nit
198 2496 383 2562 Hesperidum
402 2499 531 2546 miratam
559 2496 633 2544 mala
657 2497 797 2563 puellam5
820 2495 908 2560 mula,
932 2496 1031 2563 quibus
1049 2499 1164 2568 acceptis
1196 2502 1204 2529 ⁴

136 2582 153 2616 a
170 2568 276 2618 Venere
300 2566 485 2634 Hippomenes
509 2564 573 2617 vicit
595 2563 764 2628 Atalantem,
786 2564 907 2631 puellam
931 2565 1064 2632 Sciriam,
1087 2583 1164 2619 eursu
1195 2570 1209 2600 '-

136 2641 289 2701 potentem,
307 2649 377 2701 quse
395 2634 494 2683 multos
512 2648 624 2698 sponsos
642 2640 782 2701 superatos
800 2633 951 2684 occiderat:
968 2635 1043 2701 quod
1062 2636 1164 2703 plenius
1193 2632 1197 2639 ’

135 2704 166 2755 in
183 2702 317 2755 Aeneidos
334 2701 416 2753 tertio
432 2701 505 2752 libro
523 2701 606 2765 (113.)
631 2702 861 2765 memoravimus,
883 2701 931 2753 ubi
948 2703 1033 2755 etiam
1051 2705 1088 2757 de
1104 2704 1165 2775 ipsis
1197 2730 1201 2735 ·

135 2772 215 2827 melis
236 2770 330 2823 fabula
354 2771 441 2822 relata
465 2777 512 2822 est.
530 2796 563 2807 -
604 2775 646 2826 62.
669 2770 741 2820 Tum
760 2769 994 2836 Plsa'e'tontiadas;
1020 2773 1164 2840 Clymenes
1192 2768 1202 2807 ²³

135 2850 164 2894 et
180 2840 247 2891 Solis
270 2840 353 2891 filias:
378 2856 448 2906 quae
472 2839 539 2889 dnm
564 2838 713 2890 extinctum
736 2840 853 2889 fratrem
876 2839 992 2904 flerent,
1015 2857 1164 2897 conversae
1193 2842 1197 2849 '

134 2910 243 2961 suntin
259 2909 387 2971 arbores,
405 2917 435 2957 ut
451 2908 504 2959 hoo
520 2908 581 2957 loco
598 2907 681 2972 dicit,
697 2909 726 2958 in
743 2907 832 2957 alnos:
857 2915 887 2956 ut
903 2908 933 2973 in
949 2908 1060 2960 decimo
1079 2913 1165 2978 (1901,

135 2978 165 3029 in
181 2978 303 3048 populos.
338 2975 391 3025 Ubi
409 2978 493 3028 etiam
510 2976 616 3043 plenius
638 2976 711 3027 hanc
729 2975 845 3026 diximus
861 2977 993 3029 fabulam.
1026 2978 1105 3033 Mira
1119 2997 1166 3033 au·

135 3055 194 3098 tem
218 3053 259 3097 est
282 3045 405 3097 canentis
427 3045 502 3109 laus,
525 3052 556 3095 ut
577 3045 653 3111 qisesi
677 3061 734 3096 non
758 3045 860 3094 factam
883 3063 945 3097 rem
967 3054 1096 3102 cantare:
1118 3049 1165 3103 sed
1198 3052 1209 3059 ''

134 3115 193 3194 ipse
210 3129 272 3165 eam
289 3113 424 3166 cantando
441 3116 531 3165 facere
544 3113 673 3164 videatur.
708 3113 789 3180 [Sane
806 3113 942 3180 ingeniosi
956 3114 1079 3168 hominis
1090 3134 1165 3171 meu·

137 3191 243 3235 tionem
260 3199 324 3233 cum
341 3197 387 3243 re,
404 3199 474 3249 quae
491 3183 615 3233 enimam
632 3181 790 3235 nonhabet
807 3183 928 3234 miscuit:
952 3199 1065 3238 sorores
1080 3187 1164 3241 Pha'e'·

135 3252 219 3303 tontis
236 3250 346 3302 succina
363 3249 468 3302 flevisse
486 3251 597 3302 dicitur:
620 3252 656 3302 Et
673 3251 786 3318 qnidam
803 3252 885 3303 alnos
902 3253 1008 3320 poetica
1023 3265 1166 3310 consuetu·

136 3319 200 3373 dine
216 3335 268 3389 pro
285 3318 391 3387 populis
407 3318 564 3388 accipiunt]
584 3345 617 3356 -
651 3325 694 3377 61.
712 3319 830 3369 Amarae
849 3323 962 3371 corticis
968 3344 979 3386 ,-
1004 3322 1073 3375 alibi
1090 3320 1181 3392 (Aera¹

136 3397 169 3453 7,
185 3388 258 3449 741.)
276 3390 328 3438 uit:
351 3386 460 3454 Raptus
479 3390 626 3439 desudare
645 3400 752 3439 cortes.-
779 3389 852 3453 qnod
877 3391 1017 3458 magis‘se
1039 3392 1069 3443 ui
1084 3394 1164 3448 debe-

136 3473 214 3521 mus,
238 3465 268 3506 ut
291 3456 442 3507 masculino
465 3465 591 3521 utamur,
615 3459 654 3525 [et
671 3465 710 3508 est
727 3455 867 3525 epitheton
886 3409 1084 3524 1111111111Ιεῖ-
1122 3467 1164 3523 61.

137 3525 276 3579 Permessi
293 3526 329 3574 ad
341 3523 470 3591 flumina
490 3524 622 3590 Galliam,·
645 3525 758 3576 Helicon
777 3541 856 3576 mons
874 3535 914 3578 est
930 3527 1078 3582 Boeotiae:
1095 3549 1164 3602 qma
1186 3524 1189 3529 ’

137 3602 166 3648 et
181 3595 267 3648 Aonia
290 3592 398 3646 dicitnr.
432 3594 475 3646 De
498 3594 552 3643 hoc
575 3595 694 3663 plurima
717 3594 819 3644 cadunt
841 3594 971 3649 flumina:
995 3600 1071 3651 inter
1094 3619 1164 3670 quae

137 3663 224 3720 etium
240 3663 410 3726 Permessus,
433 3663 507 3713 iuxta
524 3679 608 3728 quem
630 3662 696 3714 dicit
719 3662 909 3714 ambulantem
927 3665 1040 3719 Gallum
1058 3668 1093 3721 ab
1112 3687 1165 3722 una

136 3731 218 3787 Musa
236 3732 271 3785 ed
282 3737 385 3787 ceteras
402 3746 459 3781 esse
476 3730 632 3795 deductum,
649 3739 677 3782 et
692 3731 748 3782 illic
766 3749 825 3785 esse
841 3733 946 3784 sactum
963 3741 1092 3805 poetam3
1109 3737 1167 3808 [qui

137 3800 228 3868 elegos
246 3798 367 3867 scripsit,
390 3801 436 3866 qui
455 3807 483 3850 et
499 3817 515 3849 a
539 3801 688 3853 triumviris
711 3802 878 3871 praepositus
901 3803 1005 3856 suited
1023 3809 1168 3876 exigendas

137 3869 268 3941 pecunias
286 3869 321 3922 ab
338 3867 381 3919 his
397 3867 562 3934 municipiis,
579 3884 697 3936 quorum
714 3869 774 3937 agri
790 3869 820 3920 in
837 3871 1036 3941 Transpadana
1051 3878 1168 3946 regione

138 3955 196 3991 non
212 3937 411 3990 dividebantur.
445 3935 515 3988 Sane
532 3939 620 3988 Aones
637 3938 774 4004 originem
798 3939 833 3990 ab
852 3957 884 3992 eo
900 3941 962 3993 loco
980 3944 1100 4015 ducunt,
1123 3946 1171 3998 ubi

138 4020 212 4059 nunc
236 4006 381 4059 maritima
404 4005 520 4056 Venetia
541 4013 589 4057 est.
605 4032 640 4043 -
680 4011 723 4066 65.
740 4006 879 4077 Duxisti,
903 4012 1073 4081 produxerit
1109 4016 1173 4068 Una
