2452 4626
281 285 318 329 m
341 210 502 328 vmou.
524 216 690 369 cuono.
711 252 771 348 ιν,
793 272 989 339 roseros.
1087 276 1158 341 eos

105 450 256 504 libidinem
278 469 336 503 non
360 451 541 505 resolvuntur.
580 452 690 506 Persius
713 456 765 520 (5,
782 452 858 516 57.):
883 453 934 506 Ille
960 455 993 505 in
1018 452 1152 506 Venerem

106 524 213 588 putris.
236 549 271 560 -
316 526 375 578 199.
399 520 544 582 Nisitus3
569 538 622 589 pro
645 521 793 591 partubus,
817 539 834 573 a
858 521 979 575 nitendo.
1021 523 1101 576 Unde
1124 531 1154 589 et
1216 551 1217 554 ¹

106 593 205 642 enixa·
221 589 346 641 dicimus.
364 616 398 627 -
428 596 501 647 202.
527 588 679 659 Refigunt,·
704 591 801 659 figunt.
817 617 852 630 ·-
893 590 1029 650 2048ιώ
1049 592 1150 662 fasce3

107 659 161 711 sub
180 675 273 712 onere.
307 659 357 719 Ut,
383 660 495 710 Iniuste
514 661 565 710 sul
585 661 780 727 sostenium,
807 660 874 710 dum
900 663 1001 725 carpit.
1018 664 1053 700 ··-'
1086 668 1150 721 205.

108 728 223 779 Tantus
241 745 320 778 amor
330 727 459 796 florump
477 736 507 779 et
522 745 606 799 supra
623 733 668 795 (3,
688 728 760 792 112.)
776 728 811 780 de
829 728 922 797 equis,
939 729 1051 780 Tantus
1068 737 1149 782 emor

107 799 246 863 laudum,
270 809 364 848 tantae
383 798 472 865 (codd.
490 809 587 860 tonto;
609 814 675 848 mox
693 815 777 849 curae
795 798 884 850 omitt.
901 797 992 851 Guelf.
1009 800 1030 852 Ι.
1046 799 1091 864 11.)
1108 810 1151 850 est

106 869 232 919 victoria
251 883 341 916 curae.
360 892 394 905 ·-
428 871 491 924 208.
507 867 544 917 At
559 875 650 935 genus
669 868 827 920 immortale
845 881 954 933 manet3
978 883 1065 935 genus
1089 883 1149 920 ma-

106 944 174 1003 net,
197 934 301 987 scilicet
322 951 372 1002 per
396 935 604 988 successionem.
630 963 664 975 -
712 941 775 993 209.
798 935 926 1001 Domus,·
941 936 1065 999 familia.
1113 934 1150 987 Ut

107 1008 151 1067 (A.
169 1012 201 1068 3,
217 1004 285 1068 85.):
309 999 525 1072 Dapropriam
552 1005 705 1073 Tymlraee
729 1006 852 1077 domupn.
876 1033 910 1042 -
957 1012 1019 1062 211.
1046 1003 1150 1056 Metus

105 1073 273 1142 Hydaspem
304 1065 408 1123 fluvius¹
427 1074 547 1126 Mediae.
593 1074 637 1128 De
663 1073 707 1126 his
736 1082 831 1126 etitem
858 1072 986 1143 gentibus
1009 1071 1151 1125 Sallustius

105 1144 189 1195 dixit:
219 1144 292 1192 Adeo
317 1143 378 1192 illis
403 1144 531 1210 ingenito
563 1155 604 1194 est
627 1142 765 1207 sanctitas
790 1144 865 1210 regii
888 1144 1024 1194 nominis.
1074 1140 1150 1209 Ques

106 1211 228 1281 [gentes]
244 1219 340 1262 tamen
356 1227 422 1279 apes
440 1212 506 1263 dicit
524 1227 619 1264 amore
642 1213 717 1269 circa
738 1226 837 1278 regem
860 1226 992 1282 superare
1011 1210 1146 1279 Virgilius.

107 1307 143 1319 -
177 1288 240 1339 212.
259 1281 432 1344 Obstrueret,
457 1289 631 1333 venerantur.
664 1281 737 1332 Alias
756 1281 903 1331 observare
928 1288 969 1332 est
981 1279 1083 1331 'callide
1099 1280 1148 1331 ed·

106 1357 225 1402 vertere.
260 1350 407 1420 Terentius
424 1349 518 1414 (Andr.
527 1355 585 1413 t,1,
595 1348 681 1410 142.):
699 1349 845 1410 Observes,
856 1349 966 1417 filium,
984 1349 1054 1417 quid
1071 1359 1148 1415 eget,

106 1420 177 1487 quid
202 1435 266 1469 oum
290 1419 340 1469 illo
368 1419 486 1469 consilii
509 1418 606 1485 captet.
639 1417 734 1486 [Mens
760 1419 891 1470 omnibus
919 1436 979 1468 una
1003 1430 1061 1482 est,-
1086 1417 1106 1469 i.
1122 1435 1147 1469 e.

105 1487 308 1540 concordanter
336 1494 486 1556 operantur
502 1494 540 1538 =et
564 1485 682 1552 vivunt]
705 1515 739 1525 -
782 1493 845 1546 214·
869 1486 1025 1555 Diripuere
1050 1488 1146 1554 ipsae3

105 1567 189 1625 quae·
203 1558 289 1607 ctiam
312 1556 389 1626 ipsae
412 1555 537 1606 animam
561 1555 667 1622 (Guelf.
688 1557 709 1609 1.
738 1560 853 1609 animos
876 1557 905 1608 h.
927 1557 946 1608 1.
970 1562 999 1606 et
1022 1555 1062 1607 in'
1077 1570 1145 1618 vert.
1189 1551 1193 1559 ’

104 1625 193 1693 virg.)
210 1624 365 1693 colligendo
389 1625 466 1676 melli
489 1625 652 1695 impendere
670 1632 879 1678 consueverunt.
912 1621 1146 1692 11112042·ῧὶ-

105 1706 205 1762 troque
223 1698 349 1746 enimam
368 1695 420 1744 sub
440 1693 524 1762 fasce
543 1695 678 1745 dederunt
702 1695 793 1763 (ipsae
810 1693 946 1762 diripiunt
962 1692 1060 1746 eadem
1076 1691 1147 1745 mel·
1203 1724 1204 1729 =

105 1763 152 1826 la).
171 1790 207 1801 -
240 1769 302 1822 216.
320 1763 484 1830 stipantque
507 1763 681 1830 frequentem
705 1763 784 1832 quasi
800 1765 922 1832 quodam
939 1761 1068 1814 satellitio
1076 1776 1146 1825 ·em·
1190 1817 1193 1827 ,

104 1832 242 1885 1111211.-
277 1840 338 1888 217.
358 1832 442 1898 Saepe
454 1834 589 1884 ¹attollunt
602 1832 743 1896 humeris;
763 1839 853 1884 aetate
869 1831 974 1895 scilicet
985 1833 1144 1885 fessum.-

105 1905 169 1960 218.
188 1899 338 1952 Pulchram
357 1912 497 1965 ›nortem}¹
511 1901 675 1968 gloriosam:
700 1901 802 1971 quippe
819 1916 891 1968 quae
907 1915 958 1970 pro
975 1914 1043 1966 rege
1060 1897 1145 1950 tusci-

124 1972 190 2022 itur.
224 1970 322 2022 Traxit
339 1978 434 2022 autem
451 1971 505 2021 hoc
521 1971 556 2021 de
574 1969 780 2021 Celtiberorum
797 1985 891 2033 more,
907 1968 970 2036 qui,
994 1974 1026 2017 ut
1040 1965 1070 2019 in
1088 1964 1144 2018 Sal·

103 1986 187 2090 iustio
211 2039 342 2107 legimus,
366 2057 395 2091 se
418 2040 530 2108 regibus
554 2040 699 2104 devovent,
724 2038 819 2158 etpv.
837 2038 880 2100 ut).
901 2044 964 2107 post
987 2051 1034 2087 eos
1057 2034 1143 2087 vitam

100 2108 228 2160 refutant
250 2111 297 2175 (V.
321 2109 463 2168 refutent).
478 2135 514 2145 -
548 2113 611 2165 219.
632 2106 688 2158 His
714 2111 764 2174 qui
785 2123 830 2156 am
855 2107 950 2176 signis
975 2115 1057 2170 atque
1075 2102 1145 2154 haee

103 2168 230 2244 exemplo
246 2178 349 2238 ποιαί,
365 2177 458 2228 locum
475 2177 549 2228 hunc
566 2177 674 2247 plenius
692 2184 733 2228 est
749 2183 890 2229 exsecutus
899 2173 937 2227 'in
952 2180 1042 2238 sexto,
1057 2184 1144 2240 quem
1176 2197 1179 2202 ¹

103 2246 237 2298 hocloco
255 2247 376 2299 breviter
394 2247 514 2314 colligit,
538 2254 568 2295 ut
591 2245 692 2314 proliet
714 2242 801 2298 etism
824 2260 889 2315 apes
907 2253 1018 2312 partem
1035 2240 1143 2294 habere

102 2315 261 2367 divinitatis.
296 2317 424 2382 Namque
454 2318 547 2365 omnia
577 2313 710 2366 animalia
733 2333 767 2367 ex
790 2321 921 2382 quattuor
945 2312 1089 2364 elementia
1113 2315 1143 2362 et

103 2383 196 2436 divino
220 2385 319 2454 spiritu
344 2392 470 2435 constare
495 2385 675 2436 manifestum
699 2391 747 2436 est.
787 2382 919 2444 Trahunt
939 2384 1014 2434 enim
1032 2388 1143 2434 eterra

104 2470 235 2518 carnem,
259 2452 292 2503 ab
312 2470 382 2520 aqua
400 2453 563 2515 humorem,
589 2453 624 2504 ab
641 2457 705 2504 a'ere
723 2453 894 2517 anhelitum,
917 2450 1143 2519 abigns'fcrvo·

102 2538 179 2574 rem:
192 2532 223 2574 'a
248 2522 338 2573 divino
361 2521 459 2590 spiritu
483 2523 635 2590 ingenium.
672 2521 752 2590 Quod
770 2521 834 2591 quia
851 2527 894 2574 est
908 2521 939 2572 in
956 2519 1055 2586 apibus
1072 2517 1143 2569 sicut

100 2591 189 2655 etiam
218 2592 248 2651 in
277 2590 451 2651 hominibus;
480 2607 601 2658 namque
629 2598 772 2655 metuunt,
802 2586 1009 2662 cupiunt[que],
1041 2587 1145 2653 dolent,

102 2662 294 2728 gaudentque:
311 2677 382 2728 quae
400 2659 554 2726 probantur
572 2677 603 2710 er
620 2660 662 2709 his
680 2675 751 2726 quae
768 2658 890 2711 faciunt:
905 2657 1040 2711 dimicant
1056 2655 1143 2727 enim,

102 2729 237 2798 colligunt
254 2730 353 2792 flores,
378 2729 523 2797 provident
545 2729 664 2798 pluviam
686 2732 826 2780 fateamur
849 2742 962 2779 necesse
979 2732 1032 2790 est,
1055 2723 1156 2778 etiam

102 2815 168 2866 spes
188 2805 303 2869 'partem
326 2798 432 2849 habere
456 2794 611 2850 divinitatis.
651 2797 687 2847 Ut
708 2805 804 2849 autem
827 2794 880 2847 hoc
904 2793 1060 2862 exemplis,
1074 2791 1094 2861 i.
1117 2806 1142 2842 e.

103 2868 185 2919 rebus
202 2867 338 2918 similibus
354 2867 567 2937 comprobaret,
584 2865 748 2917 Lucretium
765 2872 873 2917 secutus
890 2872 943 2916 est:
960 2861 1008 2931 qui
1025 2860 1143 2914 dicineo

103 2951 174 3005 quae
200 2936 274 2987 inter
296 2936 406 3001 (Burm.
423 2941 482 3002 per)
506 2951 535 2986 se
559 2934 680 3004 probare
704 2950 762 2986 non
785 2949 944 3003 possumus,
965 2950 982 2984 a
1005 2929 1143 2982 similibus
1214 2991 1217 2997 .

104 3005 329 3076 comprobanda:
347 3013 459 3056 ventum
476 3020 599 3070 namque
615 3004 697 3055 docet
714 2995 772 3055 esie
789 3003 977 3072 corporalem,
993 3016 1050 3051 non
1067 2996 1142 3068 quod

103 3091 169 3126 eum
187 3080 284 3126 tenere
300 3072 344 3125 vel
359 3090 475 3126 cernere
498 3088 654 3142 possumus,
677 3071 726 3124 sed
742 3071 817 3142 quod
839 3073 897 3123 eius
921 3069 1017 3144 similis
1033 3063 1140 3140 [atque]

101 3161 193 3212 aqrrae
218 3144 333 3195 effoetus
357 3151 411 3207 est,
434 3144 519 3213 quim
542 3141 718 3211 corporalem
741 3157 801 3196 esse
825 3141 1006 3194 manifestum
1023 3130 1078 3190 ¹est.
1105 3161 1140 3173 -

101 3220 163 3269 220.
181 3209 313 3263 Haustus
331 3211 487 3274 aethereos}
503 3209 607 3262 divinos
623 3211 742 3279 spiritus.
758 3237 794 3247 —
827 3217 889 3270 221.
909 3208 1003 3258 Deum
1022 3219 1143 3274 nomque

102 3285 142 3332 ire
160 3300 212 3351 per
229 3298 340 3340 omnes;
364 3280 423 3350 ipse
446 3281 476 3332 in
499 3286 574 3330 sexto
593 3280 693 3343 (724.):
719 3278 835 3331 coelum
851 3295 887 3330 oo
903 3289 994 3330 terroe
1013 3292 1141 3345 campos-

101 3367 153 3418 que
172 3353 312 3416 liquentes
329 3349 456 3417 Spiritus
482 3350 561 3399 intus
586 3349 646 3397 alit.
689 3347 819 3400 Lucanus
842 3350 892 3412 (9,
908 3347 992 3408 fidoi:
1016 3345 1143 3413 luppiter

100 3432 141 3471 est
158 3421 347 3489 quodcunque
365 3420 453 3483 vides,
470 3432 632 3488 quocunque
650 3415 740 3484 (codd.
752 3415 896 3485 quodni.
910 3410 997 3484 quic'.)
1010 3413 1139 3469 moveris.

99 3515 134 3527 -
169 3497 235 3547 223.
252 3487 329 3538 Hine
347 3489 481 3554 pecudem
501 3486 586 3550 liinc,
609 3485 627 3536 i.
645 3501 719 3537 e.·ex
735 3486 803 3551 deo,
828 3494 858 3537 et
873 3485 965 3538 divino
983 3484 1081 3554 spiritu
1092 3497 1142 3532 su·
1210 3539 1211 3542 Ἴ

99 3566 182 3610 munt
199 3559 309 3609 omnia:
325 3573 391 3607 cum
409 3554 485 3608 nasci
496 3554 659 3622 coeperint,
676 3554 712 3606 ad
728 3556 812 3607 vitam
820 3572 834 3607 ε.
849 3561 976 3606 ceterum
992 3567 1092 3622 corpus
1110 3564 1144 3602 en

99 3635 232 3696 quattuor
249 3627 393 3686 elementis
417 3634 472 3690 est,
495 3631 527 3675 ut
543 3623 670 3677 diximus.
685 3649 719 3660 -
754 3630 818 3682 225.
834 3623 947 3676 Scilicet
971 3621 1027 3674 huc
1045 3619 1125 3673 reddi
1131 3635 1141 3682 ς

98 3697 158 3749 sine
183 3696 269 3749 drinio
293 3695 378 3749 etiam
401 3700 502 3746 cuncta
525 3692 635 3743 dissolvi
659 3699 688 3744 et
709 3691 803 3746 redire
827 3710 920 3744 rursus
943 3692 972 3742 in
998 3689 1140 3758 originem

99 3782 180 3823 suam
197 3782 309 3820 necesse
325 3771 373 3818 est.
407 3763 513 3829 Moru}
539 3761 565 3828 i.
576 3780 600 3813 e.
617 3761 774 3828 perditioni.
808 3761 886 3815 Nihil
908 3760 985 3814 enim
1002 3753 1142 3823 estquod

97 3837 195 3903 perire
211 3834 334 3887 funditus
351 3834 451 3901 possit,
467 3846 534 3882 cum
549 3830 586 3880 sit
601 3825 634 3882 ed
652 3827 723 3897 πᾶν,
747 3831 765 3884 i.
784 3849 808 3883 e.
825 3845 911 3882 omne
926 3829 955 3881 in
973 3825 1048 3898 quod
1063 3822 1142 3876 rede·
1181 3832 1190 3855 l
1207 3856 1210 3861 -

99 3913 150 3954 not
167 3903 295 3957 universa
311 3903 440 3955 resoluta.
473 3899 530 3951 Res
547 3907 642 3951 autem
666 3901 735 3954 haec
753 3916 823 3968 quae
841 3902 1060 3960 morereretur,
1082 3906 1141 3943 non

99 3978 142 4024 e'st
158 3988 250 4025 morse
274 3973 378 4041 quippe
401 3987 472 4041 quae
496 3968 567 4022 nihil
589 3968 683 4034 perire
705 3969 785 4033 iacit,
808 3967 857 4021 sed
883 3963 1023 4019 resolutio.
1056 3958 1143 4012 'Unde
1183 3964 1187 3973 ’

99 4043 174 4095 mire
198 4042 304 4108 (Burni.
323 4040 410 4104 mors)
428 4056 445 4091 a
468 4037 608 4106 plerisque
629 4037 725 4106 [bene]
747 4037 877 4089 interitus
893 4033 966 4089 dicte
987 4037 1044 4100 eet,
1065 4042 1144 4100 quon
