2430 4620
121 271 164 337 68
383 269 521 333 stuvu
544 270 897 335 COMMENTARIUS
977 286 1003 311 ·’

127 470 172 509 res
189 453 248 525 ipsa
266 457 392 520 rebellio,
408 473 464 509 non
483 456 640 509 rebellatio:
662 457 701 509 sic
718 458 863 513 Suetonius
879 457 926 526 (ci.
943 456 980 511 sd
997 455 1082 523 eslig.

128 550 163 560 —
200 532 258 582 187.
278 528 415 576 Annusrit
433 529 515 578 nobis
540 529 659 578 victoria
678 528 814 591 Martem,
836 527 1001 599 Hypallsge:
1024 540 1073 594 pro
1090 526 1115 570 ἔ

128 603 222 651 noster
239 596 315 648 Mars
338 597 468 646 annuerit
491 594 593 662 [uobis]
617 598 766 649 victoriani.
807 597 883 649 Nam
898 597 1022 647 Martem
1048 594 1115 642 vic!

128 663 284 719 comitatur.
303 690 342 702 -
373 671 432 721 tat.
451 665 603 731 lanistae,¹
617 667 694 732 quusi
716 665 842 718 invictae.
874 664 912 717 Et
930 662 1076 723 benesibi

129 734 204 787 cibat
227 735 368 803 populum.
414 734 488 784 Nam
510 734 569 783 siue
592 735 676 785 dubio
701 751 755 787 uua
784 750 849 784 cum
878 750 945 804 rega
967 733 1115 783 vincetur:

130 809 191 863 192.
208 803 295 855 Sacra
313 804 431 868 deosque
450 802 534 861 dalem
557 804 660 872 [reptat
683 805 803 870 gratiam
824 803 935 871 populi,
960 798 1037 870 quia]
1060 815 1115 850 nt

128 874 183 929 fuit
200 874 272 941 apud
297 874 417 924 maiores
434 886 574 921 sacrorum
591 887 671 933 cura,
694 873 764 922 sicut
780 872 897 925 diximus
918 887 1002 938 supra
1026 873 1067 933 (³,

129 941 208 996 Unde
226 959 298 994 nunc
315 943 421 992 Aeneas
436 941 465 991 id
481 942 554 1008 agit,
571 958 606 992 ue
624 950 747 1006 pereunt.
780 942 817 990 Et
832 956 864 992 re
883 956 948 991 vera
962 943 1068 988 constat

129 1010 247 1079 Phrygia
264 1028 337 1061 nunc
351 1009 456 1060 Latinis
474 1008 575 1060 tradita
591 1010 705 1060 coluisse
718 1010 869 1059 lioniauos.
903 1006 1030 1057 Latinus
1047 1003 1115 1054 bs:

130 1089 179 1131 sut
195 1081 322 1147 antiquus
339 1080 474 1128 vocativus
500 1088 549 1129 est.
583 1079 636 1127 dut
652 1078 749 1129 batuto
773 1078 856 1129 tertia
873 1093 993 1146 persona
1017 1073 1058 1125 sit.

129 1150 288 1201 sciendum.
311 1149 374 1215 quia
394 1148 492 1198 crebra
509 1148 598 1198 soceri
614 1146 881 1198 inuuueuroratioue
898 1145 950 1197 s'ibi
969 1148 1115 1195 t'avnrert:

130 1217 181 1271 tini
199 1216 335 1269 conciliat
366 1218 436 1267 lteiu
460 1215 592 1267 diceudo:
618 1215 695 1266 Mihi
719 1221 830 1267 iuoeus's
849 1214 953 1264 Teucri
979 1213 1101 1265 constit

150 1282 294 1354 epularem
313 1286 432 1352 gratiani
448 1292 555 1352 captst;
572 1284 637 1352 quia
653 1302 734 1354 supra
752 1287 858 1337 dixerat
869 1284 996 1335 Drances
1009 1286 1061 1348 (li,

130 1305 260 1422 §arsque
278 1356 438 1404 subvectare
455 1353 581 1405 busseris
600 1352 727 1404 'l'ros'mta
746 1355 864 1405 iuvabit.
881 1378 916 1389 -
960 1358 1021 1409 197.
1040 1348 1115 1398 Te

131 1442 223 1488 mare,
248 1425 342 1474 sidera
367 1426 449 1486 iuro,·
473 1431 502 1475 et
519 1422 642 1474 ornatior
660 1422 794 1489 elocutio,
817 1431 845 1473 et
861 1422 963 1474 crebra
987 1419 1061 1489 apud

129 1510 190 1558 ras,
211 1509 297 1561 quam
319 1491 343 1542 si
365 1491 430 1542 velis
455 1491 555 1543 addere
580 1493 828 1563 praepositionem,
851 1497 881 1540 ut
903 1490 994 1542 dicas:
1026 1488 1115 1537 lus-

51 1572 56 1583 “
130 1562 236 1626 maris,
257 1576 310 1631 per
330 1568 426 1610 terras.
467 1559 571 1610 Eadem
597 1570 691 1612 autem
715 1561 785 1613 bene
810 1559 884 1611 dixit.
924 1559 999 1610 Nam
1016 1570 1065 1627 pro
1097 1572 1115 1599 ι

55 1680 61 1697 x
130 1631 177 1685 ille
194 1631 285 1683 fontes
300 1637 331 1681 et
347 1628 444 1678 fluvius
459 1637 564 1698 posuit,
587 1643 637 1698 pro
660 1629 795 1681 sideribus
811 1628 911 1680 Solem.
928 1654 963 1664 -
1000 1630 1058 1682 198>

130 1715 238 1766 uaeque
260 1714 351 1767 gersus
376 1697 493 1763 duplam
522 1714 555 1749 ac
578 1699 601 1748 si
623 1696 742 1761 diceret,
767 1707 915 1764 utrumque
938 1711 1035 1747 sexum
1056 1690 1115 1759 [Ξ

130 1768 255 1820 Latonas
280 1765 350 1835 [vel]
373 1766 481 1817 sobolis.
522 1767 559 1817 Et
582 1765 655 1818 bene
678 1768 708 1817 in
732 1765 889 1819 foederibus
913 1764 950 1815 du
970 1763 1064 1815 liciai
1113 1801 1115 1805 .

130 1836 260 1900 numina,
283 1837 348 1903 quia
372 1835 401 1885 in
419 1850 506 1885 unum
523 1834 577 1885 duo
601 1835 700 1886 coituri
725 1844 788 1887 suut
830 1833 913 1901 opuli.
947 1783 1115 1895 innume-‘⁴

125 1905 270 1976 frontem,
300 1905 354 1965 rite
377 1903 501 1959 invocat:
531 1903 594 1970 quis
620 1903 678 1955 ise
702 1904 835 1957 faciendis
863 1902 1023 1954 foederibus
1046 1911 1115 1967 px:

129 1975 258 2042 Namque
278 1982 422 2043 postquam
439 1971 574 2022 Romulus
590 1979 620 2024 et
631 1923 713 2024 Pl‘itus
732 1975 827 2025 'l'atius
850 1972 878 2023 in
896 1972 1012 2024 foedera
1028 1981 1109 2018 con

129 2050 210 2112 runt,
239 2042 305 2092 latro
327 2041 505 2092 simulacrum
530 2041 645 2111 duplicis
667 2044 765 2096 frontis
791 2043 921 2094 eflectum
944 2048 999 2106 est,
1030 2047 1115 2106 quat

128 2111 186 2167 inte
208 2110 214 2122 ⁶
236 2128 281 2162 em
304 2110 423 2160 duorum
449 2109 621 2178 populorum.
669 2111 800 2179 Legimus
829 2118 924 2162 tamen
948 2111 1048 2160 Ianum
1088 2114 1115 2152 el

128 2196 185 2249 qua
203 2180 336 2231 risontein
352 2177 444 2229 fuisse.
478 2178 554 2229 Unde
568 2179 703 2232 Martialis
720 2183 771 2233 ait:
788 2178 823 2230 Et
840 2179 942 2246 lingua
960 2179 1073 2245 pariter
1092 2168 1115 2219 l⁴

128 2261 177 2299 sus
194 2250 281 2315 omni.
315 2247 388 2297 Nam
412 2245 502 2297 onmis
524 2244 560 2298 de
577 2248 683 2300 duobus
710 2265 767 2303 non
788 2249 913 2301 dicimus.
931 2273 965 2284 —
1002 2252 1062 2303 199·
1084 2235 1115 2286 V*

129 2317 276 2381 duritiem,
297 2314 552 2367 inexorabilitateru.
592 2316 725 2370 Sacraria
744 2319 840 2383 Ditis3
865 2318 1027 2369 sacrarium
1050 2321 1115 2380 pro}

130 2394 172 2438 est
195 2386 271 2437 locus
293 2383 322 2435 in
345 2385 449 2454 templo
473 2384 502 2434 in
526 2399 581 2452 quo
606 2402 683 2438 sacra
707 2395 891 2457 reponuntur:
913 2386 985 2439 sicut
1009 2378 1115 2434 donarit

126 2462 184 2519 est,
208 2453 257 2503 ubi
274 2460 412 2521 ponuntur
427 2451 534 2503 oblata:
558 2453 628 2504 sicut
645 2456 817 2506 lectisternia
834 2448 978 2517 dicuntur,
1001 2453 1048 2501 ubi
1068 2449 1115 2505 lul

127 2539 179 2575 nes
196 2523 225 2573 in
240 2522 344 2590 templo
357 2522 451 2572 sedere
465 2532 670 2575 consueverunt.
686 2551 718 2561 -
752 2534 813 2582 200.
832 2523 891 2590 Qui
900 2525 1022 2593 foedera
1033 2521 1068 2588 su

127 2594 240 2653 sancite
259 2589 417 2653 coufirmat,
442 2597 536 2641 sancta
554 2607 612 2642 esse
628 2594 711 2644 iacit:
738 2594 802 2662 quia
819 2610 886 2643 cum
902 2596 973 2644 tiunt
991 2592 1106 2649 foederi,

127 2660 281 2710 carrucatis
304 2658 400 2720 fuerit,
423 2656 653 2724 [con]i1rrnantur.
688 2663 737 2715 Vel
760 2671 835 2714 certe
855 2663 920 2731 quia
943 2660 1017 2728 apud
1040 2656 1115 2707 murt

127 2744 195 2780 arae
211 2745 269 2780 nou
286 2725 521 2791 incendebantur,
545 2729 591 2779 sed
608 2729 702 2797 ignem
720 2731 842 2782 divinum
859 2731 988 2798 precibus
1006 2725 1115 2791 elidetis!¹

127 2797 177 2864 qui
192 2795 359 2848 incendebat
375 2795 480 2846 altaria.
514 2794 630 2848 sancire
653 2807 744 2850 autem
763 2801 875 2870 proprie
899 2808 941 2852 est
958 2807 1079 2848 sanctum
1096 2810 1115 2845 s

126 2865 208 2933 quid,
230 2865 289 2916 ie.
306 2872 496 2915 consecratum
513 2865 618 2930 iacere,
640 2869 700 2917 suso
717 2870 850 2936 sauguine
867 2869 987 2920 hostiae:
1010 2874 1037 2917 et
1052 2865 1115 2915 dictis

126 2946 272 2997 sonuum,
297 2933 375 3001 quusi
397 2931 530 2998 sanguino
553 2944 749 2988 consecratum.
768 2963 800 2973 -
835 2944 897 2995 204.
915 2937 948 2987 Si
964 2936 1115 3001 tellurems,

119 3001 234 3069 sunder
252 3003 283 3051 in
304 3002 409 3071 undas-3
427 3001 584 3067 Hypallage,
601 3019 666 3071 pro:
683 3004 712 3054 Si
729 3007 815 3057 undas
832 3006 956 3058 effundat
972 3006 1001 3055 in
1019 3011 1115 3063 terras<¹

127 3077 188 3128 20's
207 3070 326 3120 Diluvio
346 3072 481 3129 miscens3
498 3070 528 3136 [i.
545 3069 580 3133 a]
597 3088 684 3138 aquae
701 3075 891 3140 superfusione
907 3075 1034 3126 universa
1049 3080 1115 3141 perti

127 3137 204 3189 bans
224 3165 254 3174 -
290 3144 350 3194 206.
371 3137 406 3186 Ut
422 3150 558 3201 sceptrum
577 3137 643 3201 hoc5
671 3142 785 3194 Homeri
807 3144 882 3194 locus
905 3143 1024 3195 verbum
1046 3143 1115 3211 adu

127 3205 195 3256 hum
217 3204 285 3274 [(11.
300 3225 336 3269 e,
360 3208 450 3265 234&
476 3211 532 3258 Nat
556 3207 595 3274 μοὶ
619 3204 682 3261 so'd's
707 3231 731 3264 st.
749 3233 775 3265 r.
793 3210 845 3277 λ.].
884 3212 994 3262 Dextra
1019 3225 1115 3278 sceptra

125 3291 193 3324 num
212 3275 290 3343 fosta
312 3276 441 3353 gerebat,-
474 3293 523 3343 per
547 3279 724 3345 parenthesin
750 3283 855 3347 dictum
877 3279 955 3349 [est]
1002 3279 1039 3329 Ut
1061 3289 1115 3331 aute

126 3355 264 3410 sceptrum
288 3343 452 3395 adhibeatur
469 3344 504 3394 sd
530 3344 656 3410 foedera,
682 3348 750 3400 haec
774 3352 845 3401 ratio
868 3357 922 3402 est:
946 3349 1012 3417 quia
1034 3352 1115 3402 maios

125 3426 237 3481 semper
250 3411 430 3462 simulacrum
448 3410 515 3461 Iovis
531 3411 713 3468 adhibebant:
755 3419 810 3470 uod
826 3435 891 3470 curn
906 3417 1061 3470 taediomm
1077 3434 1115 3472 ess

125 3480 273 3549 praecipue
291 3479 399 3548 quando
417 3479 521 3529 {iebant
537 3482 648 3535 foedera
665 3501 729 3535 cum
736 3436 828 3568 longe
845 3487 939 3556 positis
955 3486 1115 3556 gentibus,i

123 3556 238 3617 yentum
261 3556 316 3613 est,
346 3556 377 3597 ut
400 3556 539 3616 sceptrum
562 3557 703 3615 tenentes,
730 3571 808 3620 quast
836 3557 991 3625 imaginem
1014 3558 1115 3609 sinmlu

124 3615 275 3668 redderent
286 3616 361 3666 lovis
395 3616 540 3684 sceptrum
555 3620 630 3669 enirn
647 3621 729 3686 ipsius
744 3631 786 3674 est
801 3620 965 3695 proprium'
989 3625 1070 3678 Unde
1081 3643 1115 3679 nu

122 3691 202 3736 tenet
215 3691 356 3754 sceptrum
374 3683 502 3748 Latinus,
519 3700 575 3735 non
593 3690 670 3754 quasi
686 3707 746 3742 rex:
767 3693 816 3743 sed
834 3693 911 3762 quasi
927 3702 1008 3765 pater
1024 3704 1115 3765 patrat

123 3777 158 3790 -—
192 3759 254 3810 20&
272 3755 331 3802 imo
347 3753 382 3830 de
400 3755 500 3815 stirpe,-
518 3752 579 3804 ideo
597 3773 701 3823 genere
717 3761 866 3815 masculino
884 3778 947 3813 usus
965 3773 1019 3827 est,
1036 3766 1115 3832 quia,

121 3821 268 3873 uberibus
289 3821 419 3888 loquitur.
463 3820 534 3869 Nam
559 3821 592 3872 de
617 3825 776 3878 homiuibus
799 3833 1063 3897 generefeminino
1087 3834 1115 3887 di

121 3905 197 3941 mus:
215 3897 246 3939 ut
263 3893 300 3955 (7,
316 3889 404 3950 2933:
432 3887 495 3937 Heu
514 3891 627 3954 estruem
647 3896 786 3962 invisam,
804 3899 871 3950 dixit
886 3908 995 3966 tamen,
1011 3902 1060 3953 sed
1077 3920 1115 3955 usi

119 3959 225 4026 pative,
249 3959 378 4009 Horatius
394 3957 478 4008 etism
497 3956 530 4005 de
547 3956 705 4015 arboribus:
724 3975 752 4014 ut
770 3968 873 4031 (earm.
891 3978 925 4034 2,
941 3972 1009 4031 29.):
1032 3958 1115 4038 Stirpi

116 4041 169 4092 qus
188 4039 282 4094 raptas
306 4037 332 4079 et
346 4041 432 4090 pecus
450 4037 475 4077 et
493 4026 596 4079 mos.
615 4053 649 4068 ·-
687 4038 750 4092 209,
768 4035 861 4092 Maru
877 4050 971 4103 cam,
997 4040 1038 4094 γε]
1061 4050 1115 4096 tm
