2430 4620
144 272 213 337 202
406 261 549 327 ssnvn
571 259 929 327 constantinus
1006 230 1011 235 ’

144 464 227 513 nani,
240 447 281 502 ite
296 456 329 500 ut
343 450 537 519 navigantem,
559 464 640 501 nosse
657 448 775 502 debere:
798 447 842 516 [nt
855 447 926 498 sicut
940 445 1089 515 navigandi
1102 453 1167 498 tem·

144 535 196 588 pus
212 526 242 570 et
257 527 401 570 ventorum
418 530 500 587 atque
517 528 712 585 tempestatum
730 525 821 568 moun
843 516 889 567 ille
905 533 937 567 ex
958 515 1082 568 siderum
1096 531 1167 567 eom·

145 587 282 656 positione
297 590 451 655 cognoscit:
476 590 514 638 ita
532 597 560 636 et
575 589 627 638 iste
651 596 756 639 terram
772 585 880 636 mlersdi
899 600 1021 653 congrue
1039 594 1168 652 tempore,

145 664 175 707 et
190 671 267 706 rents
283 656 418 717 diversos,
434 656 476 707 vel
491 656 591 706 caloris
608 655 726 720 scilieet,
749 653 792 706 vel
808 654 934 721 trigoris,
954 660 1003 705 aut
1018 653 1167 721 pluviarum
1207 662 1209 681 ¹

145 740 178 776 ex
199 722 283 776 stelit
304 722 457 791 agnoscat]
489 727 625 774 Arcturus
648 730 744 776 eutem
766 722 846 773 stelle
870 731 911 775 est
932 723 961 773 in
984 723 1065 791 signo
1087 722 1165 772 Boon

145 801 208 863 pust
222 792 471 858 septemtrionem,
493 793 569 842 cuitu
587 802 661 842 ornn
679 801 710 844 et
726 806 836 843 occasus
858 798 1034 858 tempestates
1050 788 1166 858 gravissi·
1207 800 1209 805 '

144 877 206 912 w
226 860 362 929 iotiiuth.
404 861 481 913 Unde
504 864 544 912 ait
568 861 681 925 Sidera,
707 862 724 910 i.
748 880 773 912 e.
797 868 987 929 tempestates:
1016 866 1048 908 ttt
1071 853 1166 925 [alibi]

145 934 213 994 (ΙΙ,
227 934 315 991 ml:
339 929 397 979 sen
419 932 497 980 triste
515 929 662 980 Mineruae
687 929 782 980 Sidus.
800 952 834 965 -
874 934 936 985 203.
958 926 1166 992 Haedorumque

146 999 222 1058 dier3
249 997 340 1066 [bern
363 1007 457 1050 erstem
480 1000 583 1050 hoedos
607 1003 723 1049 Arcturo
746 996 849 1058 iunxit,
879 996 927 1064 qni
948 1004 977 1047 et
999 995 1052 1065 ipsi
1074 994 1167 1065 pluviat

143 1068 265 1125 lederun
280 1076 310 1119 et
325 1066 392 1117 alibi
409 1073 451 1132 (⁶3,
465 1070 553 1127 soal:
571 1067 750 1119 Pluoiolibur
768 1065 875 1117 hoedis.
908 1064 1062 1127 Samni&
1079 1064 1165 1113 obser·

144 1132 246 1200 nott]
284 1138 404 1203 Aurigae
425 1137 535 1205 signum
559 1145 600 1189 est
621 1136 695 1187 haud
718 1135 801 1201 longe
823 1152 841 1185 n
864 1131 1077 1204 septentrione,
1097 1131 1166 1181 cuius

143 1204 245 1276 pedem
266 1220 332 1254 cum
355 1220 443 1256 cornu
466 1205 539 1256 tauri
563 1222 618 1258 una
639 1204 718 1256 stelle
739 1203 895 1281 coniungit:
917 1202 1020 1271 [quun
1042 1200 1166 1268 Aurigam

182 1280 227 1324 tet
241 1272 400 1325 Mercurius
422 1273 494 1325 inter
511 1274 601 1325 sidera
616 1270 736 1337 locarit]
769 1273 820 1323 llic
843 1289 873 1323 ui
890 1286 976 1322 mauu
991 1269 1102 1320 sinistra
1116 1268 1165 1319 tert

144 1289 266 1406 reeca,
287 1341 317 1392 in
341 1340 465 1392 humeris
489 1358 603 1410 capram
625 1338 839 1411 [AmaltheamL
859 1356 930 1407 qaue
952 1338 1051 1390 etune
1074 1336 1166 1388 dictur

280 1409 467 1528 Liloedorum
491 1418 627 1475 matrem,
656 1426 725 1479 quos
749 1410 863 1478 quidam
886 1408 955 1459 loris
983 1406 1166 1457 conlactaneus

145 1409 247 1461 lovem.

145 1478 248 1530 diem
316 1495 352 1529 ne
376 1477 501 1530 nonnulli
526 1481 598 1530 hunc
621 1479 770 1545 Attrigam,
792 1476 949 1544 Myrtilum,
971 1490 1058 1543 pum
1079 1472 1166 1539 Pelops

146 1545 263 1611 ooeidit,
284 1547 438 1615 accipiunt,
460 1547 502 1598 vel
518 1556 593 1599 certe
610 1547 842 1610 Erichthonium,
863 1546 911 1613 qui
932 1550 1012 1595 naurs
1029 1542 1073 1595 eet‘
1085 1557 1117 1594 ex
1131 1558 1167 1593 re-

145 1614 223 1667 mino
239 1613 368 1677 Vrtlceni,
389 1614 478 1685 quod,
499 1617 568 1667 dum
590 1625 719 1684 stuprum
737 1616 878 1666 Minervae
900 1614 1006 1665 inferre
1020 1617 1169 1671 conaretur,

145 1682 217 1735 ludit
238 1681 268 1734 in
290 1682 418 1749 terrem]
456 1685 515 1735 ttoe
538 1700 648 1753 quoqne
670 1686 781 1754 signnm
804 1692 863 1734 tam
885 1689 948 1732 ortn
970 1696 1057 1750 qnam
1078 1694 1168 1730 ocum

144 1765 195 1803 suo
211 1750 296 1804 efficit
311 1760 494 1823 tempestates.
527 1752 601 1805 Bene
618 1762 712 1805 autem
734 1754 775 1804 nit
791 1751 877 1817 Dies,
900 1749 965 1819 quin
988 1757 1017 1801 et
1039 1748 1169 1816 maguitu-

145 1818 211 1873 OEne
225 1821 269 1872 sui
286 1820 380 1873 mnus
395 1821 491 1872 diebus
507 1822 611 1873 oritur:
629 1831 659 1875 et
674 1830 822 1892 tempestas
838 1827 887 1872 aut
901 1817 1046 1889 praecedit
1058 1818 1169 1886 rignum,

146 1895 196 1942 eut
210 1889 348 1956 nutritur,
365 1899 413 1940 eut
429 1906 494 1940 curn
511 1906 546 1943 eo
562 1899 611 1942 est
644 1890 715 1943 Sane
731 1889 889 1951 sciendum,
905 1903 1001 1938 omnes
1017 1886 1169 1953 astrologos,

146 1971 199 2027 pro
215 1958 324 2010 renone
340 1958 500 2020 climatum,
521 1958 666 2013 dissentire
688 1959 718 2011 in
737 1967 800 2009 ortu
823 1957 961 2017 siderum,
984 1956 1033 2007 sed
1048 1955 1107 2024 ipsa
1122 1954 1169 2004 dis·

145 2025 235 2079 tensio
252 2025 323 2077 ultre
346 2043 375 2079 se
394 2036 453 2079 tem
470 2028 528 2080 dies
551 2043 607 2078 non
632 2027 771 2099 procedit;
794 2034 902 2094 septem
919 2025 994 2077 enim
1010 2024 1097 2075 etiam
1113 2028 1169 2072 sunt

144 2093 205 2166 ipre
219 2093 340 2147 climate.
374 2046 446 2147 ilinc
463 2114 490 2148 es
527 2096 600 2163 quod
616 2097 705 2148 solem
721 2097 756 2148 ad
774 2095 989 2163 unumquodque
1004 2090 1169 2161 signnm'alii

145 2162 243 2233 annin
260 2162 370 2215 decimo
388 2164 498 2216 kalend.
510 2165 556 2216 ‹lie
572 2164 668 2219 dicim
683 2165 791 2218 venire:
808 2163 855 2215 alii
872 2171 971 2231 quarto
988 2161 1113 2219 decimo:
1128 2157 1170 2210 atii

144 2230 219 2284 inire
236 2246 321 2299 usque
339 2232 532 2293 adnotatum
555 2242 607 2285 trec
624 2234 770 2313 quisquam
794 2231 917 2303 procedit
934 2230 1057 2281 srlteriun
1089 2227 1169 2278 Luci-

145 2300 200 2351 due
214 2302 336 2367 anguis,
352 2307 408 2351 tres
425 2308 488 2351 sunt
504 2317 607 2367 angues
623 2302 654 2352 in
667 2303 759 2362 coelo,
777 2317 855 2365 unsis,
871 2300 919 2367 qui
934 2299 964 2350 in
978 2297 1169 2367 septemtrione

145 2375 200 2422 ott:
216 2367 287 2420 alter
305 2368 458 2436 Ophiuchi:
475 2371 573 2421 tertius
592 2371 736 2436 Atutralis,
752 2371 781 2421 in
799 2386 854 2438 quo
870 2375 934 2418 sunt
945 2368 1046 2419 Crater
1064 2374 1091 2418 et
1107 2365 1169 2416 cor·

146 2451 208 2502 rut,
223 2436 258 2488 de
276 2453 330 2505 quo
348 2453 421 2488 nunc
439 2442 551 2506 proprie
569 2438 608 2490 ait
627 2442 747 2506 anguis:
773 2455 839 2489 nam
858 2430 926 2503 ἔδρα
943 2435 1044 2487 dicitur
1061 2434 1168 2485 Graece.

145 2505 182 2557 Et
197 2505 313 2569 scimus,
330 2521 433 2572 angues
451 2522 508 2557 esse
524 2524 678 2575 aqnarnm,
695 2516 836 2574 serpentes
852 2515 1000 2557 terrarum
1036 2505 1112 2555 Haec
1128 2518 1169 2552 nrt-

145 2580 205 2626 tem
221 2573 300 2641 signa
316 2574 483 2640 generaliter
501 2576 605 2645 po=uit3
629 2593 685 2628 non
710 2579 785 2627 eninr
810 2576 879 2626 haec
901 2575 956 2626 tria
979 2580 1106 2637 tantum,
1127 2569 1169 2622 ted

146 2642 239 2693 omnia
263 2643 398 2712 praecipit
414 2643 591 2696 observanda.
608 2672 643 2681 -
677 2652 738 2702 206.
755 2643 879 2712 [Quibus
898 2652 962 2703 eto3
985 2642 1025 2692 sic
1044 2641 1079 2692 ab
1104 2638 1170 2707 egri·

146 2706 212 2762 colit
230 2710 400 2762 observanda
416 2713 494 2779 signa
512 2731 569 2765 esse
587 2715 667 2777 dicit,
690 2715 760 2764 sicut
777 2714 813 2764 ab
836 2713 878 2763 his
895 2713 948 2781 ‘lui
959 2711 988 2761 in
1006 2708 1170 2778 periculosis·

145 2779 220 2831 simis
245 2780 330 2831 maris
353 2780 419 2830 locis
442 2782 579 2850 navigant
619 2781 738 2833 Ventoso
764 2799 900 2849 aequora3
926 2780 954 2830 in
978 2778 1078 2848 quibus
1103 2775 1170 2828 renti

145 2845 351 2912 dominantur]
397 2848 502 2914 Vectis,-
533 2851 590 2912 his,
612 2851 659 2917 qui
684 2851 836 2914 vehuntur,
866 2849 941 2899 cuius
970 2844 1171 2914 significationis

146 2917 322 2989 perticipium
341 2915 474 2968 Latinitas
496 2918 660 2970 nonhabet.
679 2948 712 2957 -
750 2926 812 2976 207.
830 2917 934 2969 Pontus
951 2923 1018 2976 etc.;
1044 2913 1132 2965 Sestos
1148 2919 1172 2964 et

146 2985 253 3052 Abydos
274 2985 395 3036 civitates
419 2994 482 3038 sunt
504 2988 687 3056 Hellesponti,
718 3005 788 3056 qnae
814 2992 993 3053 angusto·et
1023 2983 1171 3053 periculoso

146 3053 218 3105 mari
234 3060 423 3170 segregantur.
458 3056 505 3121 [ln
524 3056 566 3106 his
583 3057 714 3121 angustiis
731 3056 860 3107 Leander
877 3055 911 3105 ad
928 3054 983 3104 Ero
1000 3060 1098 3104 natare
1114 3058 1173 3100 cont

146 3129 279 3175 sueverat.
338 3138 384 3172 am
401 3122 447 3172 illa
463 3123 576 3188 Sestias,
593 3125 638 3175 hic
656 3126 690 3175 de
707 3124 802 3192 Abydo
820 3123 886 3184 init,
903 3121 950 3191 qui
967 3137 1033 3171 cnm
1050 3121 1174 3187 frequen·

147 3198 190 3243 ter
208 3188 243 3242 ad
267 3190 432 3241 amatricem
456 3201 565 3244 amator
588 3201 714 3258 nataret,
735 3200 898 3261 tempestate
922 3189 1037 3240 obrutus
1060 3187 1173 3247 interiit;

148 3258 225 3310 cuius
241 3273 306 3309 curn
324 3257 440 3310 cadaver
458 3262 582 3313 exanime
600 3264 634 3313 ad
650 3263 728 3325 litus,
754 3262 783 3312 in
801 3276 855 3329 quo
873 3261 928 3310 Ero
953 3257 988 3308 de
1004 3264 1084 3308 turre
1101 3272 1174 3325 expe-

147 3325 359 3390 merolanas,
377 3336 447 3378 esset
464 3330 623 3399 adpulsum,
640 3331 731 3398 puella
748 3347 777 3380 se
794 3325 983 3406 praecipitavit
998 3325 1030 3376 in
1048 3342 1133 3388 mare,
1148 3329 1174 3373 et

147 3396 187 3448 ita
202 3395 286 3447 vium
303 3394 409 3460 fiuntc]
443 3397 521 3450 Unde
537 3399 620 3467 elegit
642 3400 733 3451 locum
758 3396 995 3465 periculosiorem,
1019 3410 1105 3462 quem
1127 3394 1176 3461 pro'

149 3462 226 3515 omni
244 3472 360 3532 poneret
376 3464 483 3534 pelago.
517 3465 587 3518 Sane
599 3465 751 3519 secundnm
767 3475 858 3518 artem
872 3465 939 3515 hoec
955 3461 1062 3532 [ostra,]
1080 3472 1175 3523 ostreo,

148 3539 176 3587 et
200 3530 252 3581 hee
277 3544 383 3583 ostreae
406 3532 530 3586 dicimus.
572 3535 685 3586 anlum
709 3541 784 3587 enim
807 3535 892 3585 habet
914 3530 1050 3585 Latinitas
1075 3545 1176 3583 nomen

69 3617 72 3621 ·
148 3598 315 3671 [proprium]
339 3600 478 3665 animalis,
503 3604 576 3668 qnod
599 3605 691 3656 nentri
714 3606 748 3655 sit
770 3604 894 3671 generis,
919 3602 990 3667 sicut
1012 3599 1121 3651 Graece
1144 3592 1174 3648 ri

149 3667 243 3738 κῆτος,
268 3675 312 3720 καὶ
330 3664 365 3720 roi
383 3666 460 3734 κη’τη.
496 3671 575 3723 Licet
592 3681 620 3723 et
636 3675 765 3724 Horatius
782 3670 877 3737 (Serrn.
894 3681 925 3728 2.
943 3673 976 3732 4,
993 3670 1049 3731 33.)
1067 3666 1176 3719 dixerit:

150 3742 251 3795 Ostrea
271 3737 378 3789 Circeis
402 3739 448 3804 (Β.
469 3739 590 3803 Cirreir3
616 3741 705 3792 Guell.
724 3744 743 3794 1.
768 3742 882 3803 circei),
906 3739 1018 3788 Miseno
1046 3739 1175 3789 oriuntur

150 3809 258 3869 setini,
281 3815 310 3860 et
331 3806 464 3859 Iuvenalis
486 3813 529 3872 (6,
546 3808 632 3871 302.):
657 3809 786 3862 Grandia
805 3825 875 3875 quae
895 3808 1071 3857 madrisium
1090 3804 1176 3855 nocti-

150 3880 203 3930 lus
222 3888 313 3928 ostreo
332 3876 445 3927 mordet.
478 3876 552 3944 Quos
574 3883 670 3929 tamen
693 3893 834 3946 possumus
852 3877 958 3928 Graece
981 3874 1086 3925 locutos
1109 3871 1177 3924 acci-

150 3963 231 4017 pere:
248 3946 287 3998 ita
301 3944 376 3996 enim
388 3943 483 3996 dicunt
496 3942 528 3997 ei
546 3939 655 4011 ὄστρεον
671 3955 717 4000 unt
731 3943 768 4001 eoi
786 3941 892 4015 ὄστρεα.
929 3943 1067 4010 Ostriferi
1078 3951 1178 4000 autern,

150 4013 288 4085 quodibi
311 4013 466 4083 plurimum
488 4021 643 4068 ostreorum
665 4017 707 4083 sit.
747 4015 855 4069 Fauces
878 4028 957 4078 vero,
979 4013 1131 4081 angustiae.
1147 4030 1180 4044 ..
