2430 4620
237 268 278 347 ιιι1
296 248 457 310 vincta.
478 250 635 312 aucot.
658 252 721 327 vr,
744 256 897 320 33-41.
951 254 971 341 j
1026 257 1089 351 aaa

44 438 104 482 sunt.
124 458 165 469 —
211 438 258 503 33.
277 431 399 500 Liquidi
417 437 505 485 simul
525 438 619 503 ignis;
645 437 724 504 puri,
746 437 764 487 i.
781 430 805 488 e.
830 433 968 498 aetherei,
990 435 1086 502 [quem

47 500 135 551 einero
166 502 296 568 ignitum
315 503 453 570 liquorem
471 505 545 555 dicit.
578 506 725 557 Lucretius
748 511 790 571 (6,
808 508 895 565 204.);
919 502 1036 554 Devolct
1053 505 1085 554 t'n

50 581 140 619 turam
162 570 276 636 liquidi
285 573 372 630 ¹color
390 590 494 623 aureus
514 575 599 639 ignis.
638 576 673 623 Ut
690 574 735 624 liis
760 575 893 639 exordio3
919 589 950 624 ex
974 566 1085 624 semiui-
1142 576 1145 581 '

51 637 105 703 bns,
125 638 188 688 hoe
207 647 252 690 est
268 642 376 695 atomis.
412 640 531 704 Primis,·
555 659 605 708 pro
623 643 778 712 principiis,
802 659 873 711 qnae
890 640 965 695 enim
983 640 1108 707 Grata,

47 709 168 770 στοιχεῖα,
188 722 243 758 nos
262 711 406 777 principio
425 710 615 780 appellamus]
631 739 666 748 ——
701 717 743 769 34.
763 712 870 762 Omnia
889 724 913 761 et
932 712 990 775 ipre
1008 721 1084 760 tener

47 778 140 827 nundi
160 780 337 827 concreverit
358 780 451 849 orbis,-
469 787 533 831 anta
551 780 640 830 orbis:
659 789 686 832 et
703 781 741 830 sic
760 781 863 843 omnia,
880 777 997 848 quaein
1016 776 1084 831 orba

44 852 106 897 ant
142 845 224 896 Nam
241 854 349 897 mutato
368 847 465 899 ordine
484 848 536 898 ait:
560 849 650 916 primo
669 849 777 901 omnia:
800 857 829 900 et
845 849 883 899 sic
902 847 984 898 orbis.
1017 845 1082 912 [Te-

8 932 12 981 i
44 931 104 978 ειη
127 911 149 965 i.
170 933 213 978 e.,
235 930 333 965 recens
356 915 462 983 factus]
499 917 689 980 concreverit,-
716 918 843 969 collectns
868 925 895 969 et
918 917 1084 966 informatus

9 984 11 991 '
44 982 79 1035 n't.
95 1009 133 1019 -
177 990 225 1040 35.
243 982 316 1033 Tum
331 985 439 1034 'durare
458 986 564 1048 solum,
588 1000 613 1036 et
631 989 786 1038 discludere
804 986 894 1037 Nereo
913 997 1013 1052 ponto;
1038 1000 1083 1035 ca·

44 1051 123 1103 nebat
140 1052 233 1103 etiam
250 1053 496 1120 [quemadmodum
513 1071 541 1104 se
555 1055 655 1117 durare
670 1048 791 1124 coeperit
808 1056 906 1119 solnm,
923 1062 952 1105 et
967 1054 1083 1103 mixtam

45 1120 90 1171 sibi
108 1127 178 1172 ante
197 1137 303 1188 aquam
326 1136 378 1172 sua
396 1124 582 1174 contractione
601 1124 759 1176 discludere.
794 1123 864 1174 Sane
883 1124 974 1174 solum
993 1123 1016 1172 si
1033 1137 1083 1172 no·

45 1189 192 1240 minativus
211 1196 268 1256 est,
285 1191 388 1241 durare
407 1192 529 1243 absolute
547 1193 726 1262 accipiemus,
751 1201 778 1244 et
795 1193 905 1256 bitinia,
922 1207 992 1259 quae
1008 1191 1083 1241 inira

45 1258 171 1309 dictitatur
178 1264 197 1324 ,¹
212 1257 249 1309 ad
272 1260 362 1310 solum
385 1269 413 1311 et
436 1276 531 1311 rarum
555 1262 728 1312 terrestruun
752 1262 867 1329 (Duker.
891 1259 1013 1328 supplet:
1038 1277 1081 1310 or·

47 1327 110 1390 um)
136 1328 310 1380 referentur.
326 1370 329 1377 .
344 1328 372 1378 Si
394 1330 576 1394 accusativus,
599 1331 634 1382 ad
652 1330 749 1381 mundi
766 1329 866 1381 orbem
883 1337 982 1380 cuncta
998 1326 1083 1395 perti-

47 1395 157 1447 nebunt.
176 1423 220 1449 .-
267 1402 311 1454 36.
334 1396 377 1446 Er.
394 1415 487 1461 rerum
511 1401 650 1463 paulatim
675 1393 783 1450 sumere
801 1398 932 1468 formcs;
965 1396 1083 1449 canebat

47 1462 138 1528 edam]
162 1465 402 1532 quemadmodum
425 1474 502 1517 terra
523 1483 620 1518 rerum
644 1469 791 1535 sumpserit
813 1469 944 1519 formam.
960 1493 996 1503 -
1017 1472 1079 1522 ·37.

48 1532 159 1601 Iamque
177 1550 285 1585 novum
303 1546 393 1585 terrae
410 1536 539 1602 stupeant
557 1537 693 1593 lucescere
711 1538 811 1601 solem3
837 1536 969 1600 canebat,
985 1550 1082 1602 quem-

49 1602 198 1667 admodum
223 1603 370 1671 posthaec
388 1611 516 1675 stupeant
536 1612 628 1659 terrae
643 1605 713 1659 ¹solis
731 1613 836 1656 ortum:
860 1605 923 1673 [Alii
940 1616 1029 1654 tarrac
1046 1602 1082 1655 ad
1148 1618 1154 1631 ·

49 1669 170 1724 homines
187 1673 330 1737 referunt,
354 1687 406 1740 pro
431 1673 478 1740 qui
502 1673 531 1724 in
553 1680 631 1726 terra
654 1671 736 1738 sunt]
754 1700 787 1711 -
822 1680 865 1732 38.
884 1674 980 1724 Altius
998 1685 1080 1738 atque

52 1741 149 1791 radant
167 1742 320 1791 summotis
335 1742 460 1793 nubibus
473 1744 590 1807 imbres;
608 1743 843 1811 quemadmodum
861 1743 960 1793 cadant
976 1741 1081 1791 imbres

51 1808 163 1860 aubibus
187 1807 220 1859 in
244 1809 332 1859 altum
355 1809 457 1862 levatis.
502 1811 633 1864 Naturale
658 1813 733 1862 enim
757 1822 811 1876 est,
835 1819 865 1861 ut
888 1811 990 1872 nubes,
1016 1824 1081 1859 cum

52 1878 189 1945 coeperint
224 1877 275 1929 soli
306 1895 365 1930 esse
397 1879 514 1940 vicinae,
546 1880 603 1930 eius
634 1881 725 1932 calore
748 1881 885 1932 solvantur
916 1880 945 1930 in
969 1878 1081 1945 pluvias.

52 1943 120 1999 Unde
138 1948 168 1996 in
188 1945 335 2012 Georgicis
353 1947 393 1999 ait
410 1953 452 2014 (1,
469 1949 540 2008 40].)
557 1948 591 1999 de
609 1949 693 2016 signis
711 1950 882 2000 serenitatis:
901 1949 935 1997 At
954 1946 1032 2013 (Cod.
1049 1946 1081 1995 B.
1121 1980 1124 1985 -
1153 1986 1156 1994 .

54 2018 84 2076 at)
102 2016 226 2068 nebulae
246 2017 338 2081 magis
359 2019 416 2069 una
434 2029 536 2084 petunt.
555 2043 588 2056 ·-
623 2027 666 2073 39.
684 2019 828 2083 Incipiunt
846 2018 952 2080 silvae5
977 2016 1082 2065 bonum

53 2097 106 2135 ture
123 2091 260 2152 sequutus
277 2092 318 2135 est
335 2085 476 2149 ordinem,
493 2093 524 2135 ut
540 2092 601 2155 post
616 2085 679 2135 solis
696 2095 724 2138 et
739 2087 893 2153 pluviarum
912 2097 1082 2135 commemo·

54 2153 185 2203 tationem
211 2151 315 2204 diceret
339 2162 413 2204 ortas
443 2153 519 2205 silvas
543 2162 571 2204 et
594 2154 725 2207 animalia
749 2164 847 2206 cuncta
891 2160 1024 2204 recreata.
1046 2176 1082 2188 -

53 2223 86 2276 tt).
109 2222 290 2290 [Animalia;
314 2224 475 2275 animantia.
512 2217 552 2274 Ta*
576 2222 706 2290 Sparza]
729 2248 763 2260 -
807 2227 850 2280 41.
869 2172 946 2272 ilinc
972 2220 1080 2286 lapides

55 2286 168 2355 Pyrrhae
188 2291 296 2354 iactos,
322 2290 445 2359 quaestio
463 2298 503 2343 est
520 2293 573 2343 hoc
590 2293 658 2343 loco.
693 2293 765 2343 Nam
782 2293 883 2345 relictis
900 2289 1079 2361 prudentibus

10 2398 17 2423 .,
55 2358 126 2409 rebus
142 2359 181 2414 ‚de
200 2360 298 2410 mundi
315 2359 438 2428 origine,
462 2361 551 2411 subito
576 2362 611 2412 ad
628 2360 733 2412 fabulas
756 2362 903 2412 transitum
919 2359 992 2412 lecit.
1028 2356 1081 2408 Sed
1124 2382 1127 2387 ·

54 2424 160 2478 dicimus
178 2435 230 2478 aut
246 2428 400 2496 exprimere
417 2445 483 2479 eum
500 2430 614 2481 voluisse
629 2437 733 2481 sectam
751 2431 930 2499 Epicuream,
947 2444 1018 2497 quae
1034 2443 1080 2478 rc-

10 2498 21 2553 “,
54 2490 92 2547 itu
108 2496 192 2548 seriis
210 2512 321 2563 semper
337 2497 445 2553 inserit,
471 2498 633 2566 voluptates:
657 2506 704 2549 aut
728 2497 826 2549 tabulis
850 2497 935 2567 plenis
958 2494 1080 2547 admira-

53 2563 124 2616 t'onis
143 2567 402 2634 puerorum-corda
418 2566 542 2618 mulceri.
578 2568 649 2616 Nam
668 2567 777 2620 fabulae
795 2584 876 2618 causa
892 2564 1081 2617 delectationis

38 2630 171 2685 'iuventae
188 2641 266 2693 sunt:
290 2641 322 2683 nt
343 2634 402 2702 ipse
420 2635 506 2686 etiam
528 2636 558 2689 in
575 2635 719 2702 Georgicis
738 2642 780 2703 (3,
798 2642 833 2697 3.)
851 2637 946 2696 docet,
973 2634 1079 2685 dicens:

11 2748 15 2757 ‚
49 2699 140 2755 Crura
165 2719 240 2768 quae
264 2719 371 2754 vocitas
395 2705 549 2768 tenuissent
573 2708 701 2754 carmina
730 2717 840 2756 mentes.
882 2704 965 2771 [Saue
987 2700 1082 2752 fabula

47 2772 101 2823 ulis
119 2779 180 2823 est:
204 2771 327 2840 Iuppiter
343 2788 408 2822 cum
430 2788 560 2842 perosum
583 2773 714 2836 haberet,
737 2770 851 2843 propter
873 2772 1013 2824 feritatem
1031 2768 1080 2820 Gi-

42 2848 179 2908 gantum,
208 2854 295 2907 genus
317 2840 485 2905 humanum,
513 2841 617 2893 scilicet
639 2842 712 2909 quod
743 2859 775 2894 ex
805 2842 915 2892 illorum
945 2837 1087 2906 sanguine.

41 2910 108 2963 editi
128 2914 214 2961 erant
229 2909 376 2975 mortales,
393 2908 491 2959 diluvio
508 2910 650 2961 inundavit
666 2920 770 2976 terras,
787 2925 936 2977 omnesque
952 2906 1080 2958 homines

38 2978 171 3041 necavit,
197 2977 314 3045 exceptis
331 2978 436 3045 Pyrrha
452 2986 480 3028 et
496 2979 678 3045 Deucalione,
702 2980 749 3047 qni
766 2979 795 3030 in
814 2986 908 3028 monte
924 2977 995 3028 Atho
1012 2975 1081 3027 libe·

35 3048 92 3100 rati
111 3055 190 3096 sunt.
223 3044 276 3097 Sed
292 3046 322 3097 hi
339 3063 371 3097 ex
386 3063 517 3114 responso
536 3048 676 3099 Themidis
692 3049 760 3098 saxis
776 3056 837 3116 post
858 3055 969 3114 tergum
992 3045 1080 3107 iactis,

34 3131 132 3185 genus
163 3113 315 3165 hominum
345 3125 552 3184 reparaverunt.
601 3117 638 3167 Et
666 3117 771 3185 Pyrrha
801 3116 913 3184 quidem
942 3111 1081 3193 reparavi}

32 3185 182 3248 feminas,
206 3182 337 3234 Deucalio
361 3200 459 3237 mares.
492 3185 545 3236 Alii
568 3185 675 3249 dicunt,
698 3187 790 3237 Iovem
814 3183 935 3252 Lycaoni
959 3181 1031 3250 quod
1054 3198 1080 3233 et

32 3255 133 3307 filium
150 3267 235 3304 suum
253 3252 421 3322 apposuisset
437 3253 618 3321 epulandum,
635 3255 725 3319 ipsum
742 3253 853 3322 quidem
871 3252 985 3304 fulmine
1000 3266 1081 3320 pera·

33 3324 144 3386 misse,
177 3320 275 3372 fecisse
297 3337 363 3372 vero
388 3322 533 3386 diluvium,
563 3338 618 3389 quo
646 3323 773 3374 homines
796 3321 933 3389 perirent,
964 3321 1081 3389 exceptis

33 3389 166 3460 Pyrrha,
184 3388 345 3458 Epimethei
361 3391 435 3456 iilia,
449 3399 477 3442 et
492 3391 674 3456 Deucalione,
690 3391 848 3442 Promethei
865 3391 934 3455 iilio,
951 3390 998 3458 qni
1014 3392 1081 3442 Par·

34 3461 117 3515 nasei
134 3461 241 3509 montis
259 3458 402 3513 altitudine
420 3459 524 3513 defensi
541 3477 556 3510 a
574 3460 673 3511 diluvio
691 3469 762 3523 sunt,
779 3467 808 3511 et
823 3460 969 3511 hominum
987 3475 1081 3526 genus,

34 3539 68 3581 ut
86 3544 181 3594 supra
198 3527 305 3578 dictum
321 3537 376 3594 est,
391 3536 597 3597 reparaverunt.
631 3528 699 3578 Sunt
715 3528 762 3595 qui
779 3529 888 3594 dicant,
904 3546 961 3580 non
978 3545 1009 3581 ex
1026 3527 1079 3579 illis

33 3597 185 3669 lapidibus
202 3597 342 3648 ·homines
364 3598 466 3649 factos:
495 3597 544 3648 sed
568 3596 633 3664 quia
657 3598 817 3662 iacuissem,
848 3598 969 3650 sentibus
999 3604 1080 3662 atqua

33 3665 195 3721 fruticibus
219 3666 305 3729 vecti,
326 3665 462 3733 lapidibus
485 3663 639 3729 excitatos]
673 3665 753 3732 Quod
776 3674 869 3718 autem
891 3666 958 3717 dicit
980 3664 1080 3729 Regna

34 3735 205 3798 Saturnia,
229 3735 388 3786 fabularum
414 3735 540 3786 ordinem
556 3735 644 3784 vertit.
677 3735 751 3786 Nam
768 3751 822 3802 quo
846 3745 971 3802 ternpore
988 3732 1082 3784 Satur·

34 3822 92 3861 nus
110 3803 257 3875 regnavit,
281 3804 312 3856 in
327 3804 411 3875 terris
426 3819 484 3857 non
500 3804 553 3855 luit
571 3802 715 3855 dilurmm:
739 3805 787 3858 sed
803 3804 854 3856 sub
872 3804 981 3872 Ogyge,
1003 3801 1081 3867 Rege

66 3974 108 4026 41)
138 3976 183 4014 Pro
195 3972 315 4022 prudenrib.
329 3973 370 4012 reb.
385 3976 453 4013 linrm.
468 3972 564 4013 coniecit:
586 3976 720 4015 Prudeulinm
737 3974 762 4021 (i.
778 3988 795 4011 e.
810 3975 987 4020 Philosophorum,
1003 3969 1082 4019 rapistr-
1128 4003 1131 4007 .

129 4030 193 4081 tium)
206 4033 321 4078 amiraliis,
337 4033 381 4073 vel:
393 4032 525 4085 prudentiam
540 4047 608 4071 rtrum
631 4035 744 4079 actitantium
759 4033 805 4070 coil.
820 4031 892 4079 Goon.
906 4031 930 4074 1,
945 4027 994 4070 416.
