2452 4626
30 3814 35 3839 i

73 264 76 283 l

409 151 417 185 Ι

114 298 184 368 254
383 295 522 360 sanun
545 242 899 365 oouuauraants
1006 304 1054 351 ι’

117 483 280 536 mortalibus
296 476 457 550 indicaret,
469 485 574 537 occisus
592 493 632 538 est
656 505 671 541 a
695 486 817 540 rusticis:
840 491 887 558 qui
904 505 969 543 cnm
986 490 1052 560 plue
1068 506 1151 560 aequo

116 561 270 623 potassent,
292 554 424 607 inebriati
441 555 530 620 (codd.
549 556 688 619 debriati)
712 574 741 609 ee
758 572 895 609 vencnum
911 556 1052 628 decepisse
1069 561 1153 613 credi·

117 623 232 684 derunt;
248 624 329 674 buius
346 625 421 675 canis
439 632 479 675 est
494 639 618 674 reversus
632 626 666 677 ad
680 626 832 694 Erigonem
848 629 934 682 filiam
950 628 1041 692 (eius).
1079 630 1152 697 Quae

117 706 183 742 cum
200 693 257 744 eiua
274 696 407 745 comitata
423 692 536 759 vestigia
553 696 721 763 pervenisset
738 695 773 747 ad
797 696 1030 763 patris‘cadaver‚
1053 697 1151 767 laqueo

114 762 200 812 vitam
217 761 311 814 finivit.
344 765 419 814 Haec
432 762 550 812 deornm
561 761 700 814 voluntate
716 764 789 814 inter
806 772 879 818 astra
894 767 982 819 relata
1000 774 1052 832 eat,
1068 784 1149 836 quam

114 832 257 897 virginem
281 841 386 883 vocant.
422 831 506 882 Canis
530 847 640 899 quoque
663 831 709 883 ille
732 841 773 884 est
796 833 976 888 intercidere
993 828 1147 887 'collocatus

114 897 168 952 seu
199 910 260 968 post
289 901 460 969 aliquantum
490 908 601 966 tenipus
623 900 832 952 Atheniensibus
862 903 976 955 morbus
1009 905 1148 957 immissas

115 976 158 1020 est
179 969 253 1032 talis,
280 979 310 1020 ut
333 987 432 1022 eorum
457 969 575 1036 virgines
598 970 693 1021 furore
718 971 838 1037 quodam
863 973 1101 1041 compellerentur
1116 973 1147 1024 ad

111 1035 259 1106 laqueum,
275 1039 470 1109 responditque
487 1038 640 1100 oraculum,
656 1039 745 1090 sedari
762 1040 839 1108 posse
855 1041 932 1092 illam
948 1044 1147 1112 pestilentiam,

113 1107 137 1158 si
155 1108 292 1176 Erigonis,
309 1117 339 1160 et
355 1110 424 1161 Icari
443 1107 575 1159 cadavera
588 1108 810 1175 requirerentur:
828 1126 980 1176 quaecum
998 1112 1048 1163 diu
1067 1128 1145 1180 quae-

112 1176 164 1229 sita
187 1193 323 1245 nusquam
352 1179 556 1239 invenirentur,
584 1177 619 1226 ad
643 1177 839 1229 ostendendam
862 1196 942 1232 suam
971 1179 1145 1234 devotionem

112 1245 299 1310 Athenienses,
316 1255 346 1297 ut
363 1247 447 1298 etiam
467 1245 496 1295 in
514 1245 604 1296 alieno
622 1263 655 1296 ea
672 1262 808 1313 quaerere
824 1247 982 1300 viderentur
1000 1251 1144 1315 elemento,

111 1316 313 1381 suspenderunt
330 1317 364 1366 de
382 1313 527 1366 arboribus
544 1316 655 1366 sunem:
680 1313 715 1363 ad
732 1331 815 1382 quem
832 1333 861 1368 se
877 1318 1002 1370 tenentes
1019 1319 1144 1371 homines

111 1381 166 1434 hac
190 1392 272 1451 atque
296 1384 358 1435 illac
382 1383 572 1452 agitabantur,
597 1390 628 1433 ut
652 1382 729 1449 quasi
752 1384 837 1435 etiam
853 1402 903 1453 per
921 1392 1015 1439 adrem
1034 1389 1144 1440 illorum

111 1453 246 1519 cadavera
264 1469 398 1520 quaerere
415 1452 580 1502 viderentur.
615 1450 667 1504 Sed
690 1466 754 1502 curn
780 1453 845 1505 inde
863 1455 989 1524 plerique
1006 1459 1143 1523 caderent,

110 1522 255 1574 inventum
279 1530 336 1583 est,
359 1529 389 1571 ut
414 1524 517 1574 formas
542 1519 576 1570 ad
594 1521 649 1571 oris
671 1521 712 1571 sui
729 1522 935 1574 similitudinem
952 1527 1097 1590 facerent,
1119 1536 1142 1579 et

110 1608 156 1642 eas
180 1606 231 1660 pro
255 1608 283 1641 se
307 1607 449 1660 suspensas
477 1597 628 1640 moverent.
665 1589 742 1653 Unde
767 1600 793 1642 et
813 1593 912 1642 oscilla
937 1593 1010 1645 dicta
1029 1598 1141 1648 suntab

110 1675 159 1722 eo,
177 1660 249 1726 quod
267 1660 295 1710 in
313 1660 355 1710 his
374 1660 488 1724 (oribus)
507 1661 683 1721 riderentur,
707 1658 724 1709 i.
742 1678 765 1711 e.
784 1670 959 1713 moverentur
978 1679 1037 1714 ora.
1074 1664 1140 1717 Nam

78 1740 81 1745 ·
110 1730 204 1779 cillere
230 1737 270 1778 est
295 1745 418 1781 movere:
443 1728 515 1779 unde
542 1735 571 1779 et
589 1728 730 1796 furcillae
754 1729 843 1780 dictae
869 1739 945 1794 sunt,
971 1733 1072 1798 quibus
1089 1737 1139 1785 fru-

107 1806 201 1849 menta
220 1790 354 1849 cillentur.
388 1799 439 1849 Alii
458 1797 566 1859 dicunt,
594 1798 693 1848 oscilla
713 1813 771 1849 esse
789 1800 918 1850 membra
935 1800 1023 1852 virilia
1042 1796 1138 1854 de'llo-

106 1867 184 1918 ribus
202 1869 289 1930 sacta,
313 1884 383 1935 quae
400 1866 650 1937 suspendebantur,
675 1883 726 1935 per
748 1867 977 1920 intercolumnia:
1001 1871 1042 1922 ita
1068 1873 1136 1922 utin

107 1952 140 1987 ca
166 1937 294 1987 homines
322 1936 440 2003 acceptis
467 1937 563 1999 clausis¹
596 1936 718 2002 personis
748 1934 949 2004 impingerent,
981 1949 1009 1989 et
1034 1957 1069 1991 ea
1094 1957 1136 1992 ore

108 2007 249 2067 sitierant,
274 2005 292 2056 i.
318 2024 341 2058 e.
366 2004 509 2056 moverent
532 2004 566 2054 ad
588 2004 675 2053 risum
699 2005 799 2072 populo
823 2008 1065 2060 commovendum.
1104 2011 1136 2060 Et

106 2074 160 2126 hoc
185 2075 213 2125 in
233 2069 345 2144 Orpheo
370 2075 475 2125 lectum
499 2081 547 2124 est.
583 2073 928 2125 Prudentioribus'tamen
946 2076 1020 2141 aliud
1041 2079 1135 2147 placet,

128 2143 154 2193 ui
173 2144 268 2194 dicunt
285 2160 361 2194 sacra
380 2144 475 2197 Liberi
493 2143 579 2209 patris
597 2141 631 2193 ad
649 2141 843 2210 purgationem
861 2145 972 2196 animae
990 2149 1133 2214 pertinere.

105 2161 203 2263 amnis
221 2220 313 2262 autem
338 2212 465 2278 purgatio
482 2220 529 2262 aut
547 2228 597 2276 per
620 2227 721 2276 aquam
745 2210 789 2269 fit,
813 2221 860 2261 aut
883 2231 933 2281 per
955 2214 1068 2280 ignem,
1086 2224 1134 2274 put

70 2272 75 2283 '
104 2298 154 2350 per
173 2285 278 2343 a'e'rem:
303 2280 373 2330 sicut
391 2282 463 2331 etin
481 2288 554 2330 sexto
573 2279 656 2344 (741.)
675 2281 725 2329 ait:
751 2281 833 2329 Aliae
849 2283 1017 2347 panduntur
1035 2287 1131 2334 inanes

103 2349 261 2414 Suspensas
286 2351 322 2398 ad
340 2362 451 2410 ventos,
475 2350 544 2398 aliis
563 2350 614 2398 sub
633 2352 744 2416 gurgite
763 2363 856 2412 vasta,
881 2351 1020 2419 infestum
1049 2354 1132 2416 (codd.

101 2417 247 2478 infectum)
266 2420 372 2483 eluitur
390 2420 496 2468 scelus.-
515 2429 566 2466 aut
582 2420 712 2468 esuritur
728 2420 797 2484 igni.
833 2419 868 2467 Ut
883 2437 1020 2489 nuncper
1036 2425 1129 2473 oscilla

31 2493 32 2496 ’
103 2503 190 2554 genus
208 2486 392 2554 purgationis,
414 2487 551 2555 [videlicet
567 2487 648 2551 a'e'ris]
668 2489 740 2554 quod
766 2495 805 2537 est
823 2489 976 2538 marimum
999 2489 1132 2559 intelliga-

101 2571 178 2605 mus:
202 2556 275 2606 Nam
298 2557 422 2624 primum
447 2563 487 2608 est
509 2572 611 2621 aquae,
633 2557 783 2606 secundnm
810 2556 883 2624 [cst]
908 2557 995 2621 ignis,
1019 2561 1130 2611 tertium

100 2625 181 2677 adria
206 2649 238 2661 ·-
282 2630 341 2682 390.
366 2624 444 2674 Hinc
469 2628 562 2675 ornetis
590 2625 669 2692 largo
694 2627 820 2692 pubescit
845 2630 927 2675 vinea
945 2626 1048 2693 foetu,-
1075 2637 1131 2697 post

100 2695 170 2746 haec
187 2711 266 2746 saera
283 2690 429 2745 celebrata.
449 2721 478 2730 -
520 2702 581 2751 393.
600 2695 673 2760 Ergo
702 2698 752 2744 rita
777 2712 861 2768 situm
879 2696 987 2745 Baccho
1007 2698 1129 2746 dicemus

100 2763 251 2828 honorent,-
278 2763 349 2815 iuste
372 2763 457 2830 igitur
481 2762 575 2812 Liberi
599 2764 799 2814 celebrabimus
829 2781 914 2814 sacra.
956 2764 1129 2830 Honestum,-

99 2833 256 2904 pulchrum.
279 2859 311 2868 -
354 2838 415 2888 394.
441 2832 624 2882 Carminibus
638 2824 765 2899 ‘patrz'is3
791 2833 809 2883 i.
833 2851 855 2882 e.
879 2834 1007 2885 Romana
1029 2837 1130 2901 lingua,

98 2903 231 2971 pleraque
249 2902 324 2953 enim
341 2918 433 2964 sacra,
449 2918 500 2971 pro
518 2904 642 2967 gentium
661 2900 807 2968 qualitate:
831 2903 961 2969 pleraque
980 2907 1130 2955 secundum

98 2988 180 3021 suum
198 2971 283 3022 ritum
302 2971 437 3020 coluntur.
472 2970 543 3020 Nam
562 2971 658 3038 hymni
670 2972 773 3021 Libero
792 2973 862 3037 apud
878 2972 1000 3021 Graecos
1015 2973 1130 3039 (rraeca,

98 3038 172 3105 opud
191 3039 304 3089 Latinos
321 3038 420 3089 Latina
443 3055 509 3089 voce
533 3040 668 3089 dicuntur.
711 3041 813 3106 Hymni
838 3056 902 3090 vero
927 3041 1025 3091 matris
1050 3045 1129 3094 deum

97 3107 200 3174 ubique
228 3108 385 3176 propriam,
409 3107 427 3157 i.
451 3124 473 3159 e.
498 3108 635 3159 Graecam
661 3100 784 3175 linguam
809 3110 962 3177 requirunt.
988 3135 1022 3146 —
1073 3119 1130 3169 395.

96 3175 188 3226 Stabit
205 3195 300 3240 sacer‚·
326 3175 453 3240 placebit.
487 3177 565 3227 Titne
583 3186 623 3226 est
640 3179 714 3228 eninr
741 3187 836 3245 aptum
861 3179 1043 3241 sacrificium,
1068 3198 1128 3230 curn

95 3245 251 3296 dedicatum
270 3244 374 3296 animal
397 3245 524 3297 victimae
548 3248 654 3315 patiens
679 3246 830 3306 invenitur3
857 3247 928 3298 unde
947 3254 976 3298 et
1002 3248 1070 3299 alibi
1094 3251 1128 3299 sic

96 3313 136 3363 ait
160 3317 209 3380 (9,
226 3315 312 3378 627.):
338 3313 374 3364 Et
396 3326 518 3364 statuam
542 3327 609 3365 ante
634 3334 702 3366 aras
728 3329 830 3365 aurata
849 3316 948 3384 fronte
968 3319 1149 3368 iuvencarum

586 3416 593 3457 l

176 3532 229 3579 bus)
248 3532 331 3584 laqueos
351 3533 437 3583 pensiles
457 3533 544 3583 illigare,
564 3533 584 3571 ia
605 3532 676 3583 quibus
697 3546 717 3570 so
736 3533 775 3569 huc
795 3533 843 3570 illuc
864 3535 950 3578 ferrent,
979 3547 1029 3582 quos
1050 3538 1128 3588 laqueus

177 3592 251 3629 oscilla
272 3599 401 3628 vocaverunt.
428 3591 470 3630 ulii
492 3592 570 3635 dicunt,
591 3598 637 3639 post
655 3596 738 3626 mortem
754 3591 820 3626 lintini
836 3591 898 3639 ragis,
921 3591 1066 3640 ‹prat-siverunt
1087 3610 1128 3631 erun

179 3648 201 3686 in
215 3655 267 3686 term
283 3655 303 3685 st
317 3648 337 3685 in
351 3649 413 3693 utari,
429 3656 450 3686 et
464 3661 563 3697 nunquam
580 3647 653 3696 (nitsq.)
668 3641 771 3684 intentum
787 3654 817 3684 est
831 3663 902 3696 csupus
918 3649 972 3688 unu:
989 3660 1127 3697 (quinctianum

178 3718 224 3743 eum
243 3705 263 3742 in
284 3710 339 3749 nire,
360 3712 380 3742 ct
399 3704 526 3754 suspendisse
547 3703 679 3753 [sellaqueu
693 3704 797 3744 inuetitum
812 3713 848 3741 cst.
877 3705 930 3741 ltine
945 3703 1078 3745 initiaverunt
1094 3711 1125 3744 bae

174 3775 236 3812 genua
251 3763 327 3800 mortis.

117 3839 169 3891 395)
184 3842 224 3893 Τν.
245 3846 340 3885 Ductus,
361 3842 416 3879 iuxta
438 3841 569 3890 anispiciuum
592 3843 646 3881 dicii.
676 3842 775 3891 Quoniam
796 3848 837 3877 tum
859 3842 908 3878 lirin
931 3843 1026 3889 victima,
1055 3846 1127 3894 qnam

176 3901 293 3949 patientiam
315 3899 409 3947 prpohet,
430 3906 452 3935 ut
472 3899 510 3935 utin
531 3900 587 3937 ioco:
610 3904 647 3937 Mu
668 3910 734 3938 utitem
758 3899 788 3943 (et
803 3905 905 3944 statuum)
928 3908 975 3936 mlle
991 3915 1040 3938 urus
1056 3911 1127 3939 taetrum

90 3980 95 3993 ι
170 3958 243 4005 fronte
258 3959 371 3994 subveniam.
401 3955 564 4004 Quotiruuuupu·
584 3956 604 3993 in
619 3958 700 3995 tualibus
721 3959 793 3993 ‹li-suta
814 3954 865 3989 victu
882 3956 980 4002 (uictima)
996 3959 1096 4006 reperitur
1111 3965 1126 3992 st

148 4020 152 4027 '
174 4014 236 4062 sugit,
255 4027 348 4061 srupuuua
369 4012 453 4050 exitium
473 4013 576 4061 significat.
591 4034 616 4044 κ
643 4017 665 4052 ln
687 4028 745 4052 versu
760 4011 837 4050 Lucani
855 4013 876 4048 V.
897 4025 933 4061 pso
949 4027 986 4050 caru
1003 4016 1050 4053 hab.
1066 4027 1127 4059 uurn,·

173 4070 199 4108 L.
215 4071 262 4109 voa
276 4071 335 4109 Lara.
