2452 4626
891 71 926 101 s·

157 283 223 349 use
415 274 557 339 snavn
580 258 943 365 conueniamus

158 463 257 532 colligi.
291 463 341 514 Bis
359 462 466 513 vitibus
484 464 595 528 ingruit
613 464 729 527 umbra5
753 463 814 515 vitis
836 472 865 517 et
887 465 1007 532 arboris,
1031 468 1118 537 [qliae
1135 487 1187 523 arn·

158 533 279 605 putanda
298 530 368 596 est‚]
385 540 416 583 ut
432 532 542 600 dempta
561 532 626 582 [ulia
642 534 729 583 solem
746 534 905 599 admittant,
929 551 984 603 quo
1002 538 1111 605 possint
1128 555 1188 592 uvae

157 612 351 655 niaturescere.
368 632 401 641 -
436 604 497 656 411.
515 599 565 649 Bis
573 624 582 662 ,·
606 603 694 653 semel
716 603 900 665 auctumnali‚
926 604 976 670 (et)
1001 608 1093 658 semel
1110 623 1186 660 verno

111 688 116 695 ·
155 681 288 740 tempore.
308 696 340 707 -
375 673 437 725 412.
458 669 575 734 Uterque
593 671 689 733 letior,⁸
714 679 742 722 et
765 670 969 723 evellendarum
993 672 1149 725 herbarum
1164 685 1187 728 et

155 741 295 794 frondium
313 738 501 790 secandarum.
536 735 665 790 Laudato
685 741 813 805 ingentia
833 757 910 804 rura,
926 740 1074 807 Exiguum
1091 746 1185 809 coliem

157 812 211 862 hoc
229 811 314 860 etiam
332 808 401 858 Cato
418 807 458 856 ait
480 807 509 856 in
526 805 603 856 libris
621 807 656 858 ad
673 808 760 859 filinam
778 808 811 859 de
829 808 1011 876 agricultura:
1035 814 1114 881 quod
1130 814 1185 865 ideo

156 880 262 931 dictum
279 885 332 949 est,
349 875 390 926 vel
407 875 471 942 quia
489 876 609 927 maiores
625 892 707 942 agros
724 876 841 926 incultos
861 895 929 927 rura
963 878 1116 944 dicebant,
1128 881 1149 945 j.
1165 901 1185 934 e.

154 949 246 1012 silvas,
271 955 299 998 et
315 960 428 1014 pascua:
454 962 554 1010 agrum
572 961 652 1011 vero,
678 945 725 1012 qui
748 944 905 997 colebatur:
928 955 959 997 ut
979 946 1185 1016 intellegamus:

153 1015 279 1068 Laudato
296 1015 421 1080 ingentes
438 1014 530 1075 silvas,
554 1014 635 1063 colito
652 1029 751 1080 agrum
769 1013 916 1066 minorem.
950 1015 1016 1083 Vel,
1039 1017 1117 1084 quod
1134 1036 1184 1071 me·
1218 1060 1220 1067 .

152 1086 205 1137 lius
230 1093 285 1148 est,
307 1083 371 1150 quia
392 1082 431 1131 ait
454 1081 483 1131 in
501 1082 592 1150 primo
612 1087 688 1146 (71.):
712 1083 834 1132 Alternis
858 1084 931 1133 idem
956 1095 1057 1135 tonsas
1083 1102 1184 1141 cessare
1218 1138 1220 1147 ,

154 1153 283 1216 novales,
306 1151 341 1200 Et
364 1167 474 1217 segnem
492 1154 597 1213 patiere
616 1153 674 1200 situ
693 1152 835 1201 durescere
853 1166 1011 1217 campumt·
1027 1155 1106 1221 quod
1128 1154 1183 1208 fieri
1218 1178 1220 1191 ·

154 1239 210 1275 nou
229 1228 333 1289 potest,
357 1222 409 1270 nisi
434 1220 537 1269 merim
555 1220 643 1286 spatia
661 1219 769 1271 maiora
791 1228 937 1272 terrarum.
971 1220 1048 1271 Nam
1067 1231 1097 1274 et
1113 1225 1183 1290 Ceto,
1217 1214 1220 1235 ¹

153 1298 185 1340 nt
207 1290 339 1352 diximus,
363 1295 390 1338 et
414 1287 511 1338 Cicero
534 1288 564 1338 in
581 1288 774 1339 Oeconomiois
788 1289 834 1338 «ob
858 1288 912 1340 hoc
933 1287 1051 1341 laudant
1076 1293 1182 1360 praedis
1218 1342 1220 1353 ,

153 1357 313 1419 latifundia,
330 1357 371 1407 vel
388 1355 476 1422 quod,
494 1364 524 1405 ut
540 1357 607 1406 dicit
623 1356 761 1421 Donatus,
779 1358 862 1408 etiam
880 1373 935 1408 non
952 1358 1027 1410 culta
1044 1369 1182 1428 praestant
1218 1390 1220 1433 i

152 1426 255 1494 aliquid
280 1425 399 1476 domino.
417 1451 451 1460 -·
492 1428 554 1480 413.
572 1425 677 1487 Rauen
702 1425 835 1491 [ruscum]
859 1424 1008 1492 virgultum
1035 1436 1092 1490 est,
1116 1431 1179 1481 unde
1217 1438 1220 1481 l

151 1496 218 1548 vites
239 1492 380 1562 ligantur..
402 1492 438 1563 Et
455 1501 658 1545 commemorat
679 1494 788 1563 labores
806 1494 853 1562 qui
868 1494 933 1545 licet
950 1495 1026 1547 circa
1049 1497 1121 1563 alia,
1147 1506 1180 1550 ta·
1216 1488 1220 1541 ἰ

152 1582 218 1616 men
237 1581 287 1634 pro
305 1563 402 1612 vitibus
417 1570 584 1612 exercentur.
605 1588 638 1599 -
672 1567 734 1619 415.
751 1562 909 1628 incultique
928 1576 1034 1614 exercet
1046 1582 1123 1620 euro
1141 1585 1178 1616 sa·

153 1637 231 1696 licti‚·
250 1633 326 1701 quasi
343 1647 407 1681 cnm
427 1630 616 1696 indignatione
634 1630 683 1681 ait:
708 1632 797 1699 Causa
814 1632 879 1682 vitiu
899 1649 925 1694 ι,
946 1649 1015 1684 cura
1033 1649 1085 1685 nos
1103 1635 1179 1686 etiam

151 1711 247 1773 sponte
271 1701 442 1767 nascentium
462 1716 560 1750 rerum
584 1701 690 1765 fatigat.
714 1727 748 1735 -
796 1704 857 1756 415.
880 1649 995 1750 l'alcun
1021 1704 1083 1754 urb.
1109 1721 1177 1767 repo-

153 1783 239 1835 nunt:
265 1777 376 1839 putatae
399 1775 476 1828 silut,
499 1786 550 1819 nec
573 1770 674 1820 falcem
697 1768 851 1835 requirnnt.
869 1791 901 1803 ν·-
943 1775 1005 1825 417.
1021 1771 1088 1837 lam
1108 1776 1177 1822 canit

151 1850 216 1901 elea
240 1838 337 1889 melius
355 1844 396 1888 est
413 1835 510 1904 effetus
528 1837 634 1903 legere,
658 1853 741 1904 quam
760 1837 869 1904 effetos:
896 1843 925 1887 ut
943 1838 1059 1905 quidam
1082 1840 1187 1907 legunt„
1216 1848 1220 1867 ¹

150 1911 187 1962 Et
205 1921 283 1958 antes
301 1907 347 1958 alii
365 1914 500 1957 extremos
517 1907 661 1957 vinearum
679 1905 787 1955 ordines
805 1907 955 1974 arripiunt:
980 1907 1028 1959 alii
1046 1911 1175 1961 maceries
1217 1904 1220 1969 l

151 1979 250 2048 quibus
268 1977 357 2027 vineta
374 1975 550 2026 clauduntur:
576 1992 644 2042 quae
662 1975 800 2024 maceriae
818 1973 887 2023 fiunt
905 1975 937 2025 de
956 1976 1038 2040 assis,
1056 1976 1075 2028 i.
1095 1997 1117 2029 e.
1133 1979 1176 2028 sic-

147 2049 189 2098 cis
211 2045 354 2114 lapidibus.
387 2043 465 2093 Unde
490 2043 538 2107 (et)
563 2061 644 2092 assae
669 2044 754 2092 tiliae
780 2042 922 2105 dicuntur,
950 2044 1049 2111 quibus
1075 2040 1196 2097 canitur¹

149 2118 209 2167 sine
225 2115 301 2167 chori
319 2129 392 2162 voce.
425 2112 561 2161 Dicuntur
584 2120 677 2163 autem
695 2123 806 2163 antesa
830 2110 965 2179 lapidibus
991 2115 1175 2167 eminentiori·

149 2184 215 2246 bus,
231 2183 278 2251 qui
295 2183 508 2246 interponuntur
525 2181 560 2230 ad
577 2181 729 2232 maceriam
746 2180 965 2232 sustentandam:
982 2199 1050 2232 nem
1069 2177 1174 2251 proprie

150 2265 229 2304 antes
258 2259 322 2301 sunt
350 2248 503 2300 eminentes
528 2248 646 2318 lapides,
674 2249 715 2299 vel
745 2249 888 2300 colunmee
919 2250 1050 2315 ultimae,
1084 2254 1174 2319 quibus

147 2322 254 2375 fabrica
271 2320 425 2369 sustinetur.
458 2317 494 2367 Et
517 2318 689 2386 appellantur
707 2324 783 2367 antes
798 2312 854 2368 <iud
870 2315 920 2369 eod
937 2314 1123 2386 α’ντεστὴκιινε
1144 2320 1174 2373 ad

148 2405 233 2458 quam
256 2386 451 2455 etymologiam
475 2384 558 2436 etiarn
584 2395 718 2437 extremos
743 2386 851 2438 ordines
868 2389 1011 2439 vinearum
1036 2405 1173 2459 possumus
1218 2406 1220 2415 ·

146 2459 258 2510 trahere
283 2457 330 2524 qni
354 2463 418 2506 ante
443 2462 536 2504 stant.¹
557 2456 616 2504 Hoc
641 2454 831 2505 autemdicit:
862 2457 920 2505 lum
944 2465 1039 2510 cantat
1063 2459 1173 2509 rusticus

147 2527 244 2589 labore
260 2522 351 2575 finito:
375 2532 469 2575 tamen
487 2524 579 2574 deesse
604 2539 659 2573 nnn
677 2529 767 2590 potest
784 2524 857 2591 quod
876 2542 1003 2577 exercere
1030 2526 1108 2578 circa
1124 2527 1172 2577 cul·

146 2603 240 2647 turam
256 2594 351 2645 vitium
369 2592 520 2644 debeat.-
555 2597 615 2648 418.
636 2592 785 2658 Pulsisque
800 2595 965 2655 movendus3
982 2609 1072 2661 genus
1089 2596 1172 2664 ipsum

115 2681 120 2689 ’
144 2665 269 2716 culturae
286 2662 435 2732 pulveratio
452 2668 575 2711 vocatur.
601 2677 654 2727 qno
678 2660 842 2711 imminutae
860 2662 956 2728 glebae
973 2663 1076 2714 vitibus
1094 2665 1172 2734 appli-

143 2743 250 2785 cantur.
268 2760 302 2771 ·-
334 2736 397 2788 419.
420 2729 546 2780 Metaris
571 2730 733 2778 metuendus
752 2730 876 2795 luppiter
902 2734 981 2793 uvis;
1009 2737 1075 2796 a'e'r,
1099 2750 1171 2782 :nme

143 2818 209 2868 suo,
232 2800 446 2853 ouius'varietas
471 2799 633 2867 plerumque
656 2797 781 2849 lahorem
806 2799 907 2868 decipit
929 2799 1109 2854 rusticorum.
1141 2801 1171 2851 Et

144 2873 230 2923 tacite
247 2870 352 2921 videtur
369 2870 535 2928 admonere,
553 2867 688 2934 quod,[in
707 2867 809 2932 primo]
828 2876 921 2936 aperte
940 2868 1022 2920 dixit:
1047 2869 1172 2941 Inprimis

145 2956 277 2992 stenerare
294 2940 374 2990 deos:
393 2937 440 3004 (et)
458 2935 596 2986 sacrificiis
613 2943 787 3003 tempestates
806 2953 861 2986 esse
878 2935 1026 3004 pellendas.
1044 2964 1081 2975 ·-
1116 2936 1173 2994 420:

145 3009 212 3060 1t'0a
232 3009 307 3067 ulla:
325 3008 342 3058 i.
361 3026 383 3060 e.
403 3005 484 3067 nulla,
502 3010 567 3069 (non
585 3004 700 3071 aliqna);
718 3004 764 3054 alii
783 3004 931 3055 Nonnulla
948 3005 1055 3072 legunt,
1072 3006 1126 3059 hoo
1138 3014 1172 3057 est
1218 3020 1220 3035 ¹

145 3076 252 3143 aliqua:
279 3091 336 3128 non
360 3083 390 3125 nt
413 3075 442 3124 in
460 3073 557 3123 vitibus
580 3073 675 3123 nimia.
695 3099 726 3109 -
761 3079 822 3129 421.
842 3072 1012 3125 Procurvam
1032 3086 1172 3145 expectant
1217 3098 1220 3109 ι

135 3145 260 3214 falcem
283 3152 314 3194 ut
336 3151 480 3213 putentur:
504 3139 577 3209 quod
598 3148 693 3192 tamen
712 3141 746 3193 ud
764 3158 861 3192 curam
878 3145 999 3194 refertur
1018 3147 1170 3197 anniversa·

142 3214 223 3264 riam.
257 3215 329 3263 Nam
345 3228 454 3263 neeesse
473 3218 525 3273 est,
548 3209 610 3262 licet
633 3210 725 3273 tarde,
750 3210 847 3260 olivam
865 3212 963 3281 putari.
999 3210 1170 3280 Rastrosque

142 3294 267 3342 tenacem
293 3282 330 3331 ad
353 3281 514 3331 fodiendum
532 3277 642 3329 scilicet.
679 3278 749 3344 Qida
766 3295 830 3328 cum
847 3281 965 3331 trahitur
982 3289 1108 3333 rastrum
1126 3297 1170 3349 per

140 3365 237 3418 agros,
253 3366 367 3401 omnem
385 3348 542 3415 spurcitiam
560 3362 655 3397 serum
672 3347 801 3413 colligere
818 3348 931 3399 videtur.
965 3348 1169 3417 Negligentiam

139 3426 235 3472 autem
257 3421 352 3471 terunt
368 3418 459 3484 oleae,
482 3433 569 3485 quum
584 3416 642 3468 iam
659 3416 802 3484 coeperint
823 3433 883 3470 esse
901 3417 1080 3503 ualentiores:
1108 3434 1169 3472 nam

44 3524 51 3545 Ι

163 3632 216 3687 415)
246 3638 272 3676 (l.
286 3634 307 3676 in
322 3635 371 3677 fine:
387 3645 448 3683 eura,
462 3632 501 3675 lios
516 3643 547 3676 est
559 3652 595 3688 pro
610 3639 682 3680 vitium
696 3641 784 3697 ligatura.

23 3722 29 3759 t
164 3711 217 3767 417)
246 3721 271 3755 V.
291 3715 371 3766 effectos
386 3719 422 3767 lug.
437 3731 456 3768 q.
477 3715 565 3766 effertus.
593 3719 618 3757 L.
639 3719 731 3769 effeetus,
753 3735 803 3771 qnae
822 3721 860 3773 teg.
881 3720 966 3772 effictas.
997 3725 1066 3765 Guelf.
1081 3729 1097 3765 l.
1111 3729 1132 3766 ll.
1146 3729 1166 3765 ll.

221 3773 306 3824 effeetus
321 3788 379 3824 quarn
395 3773 520 3823 effectos.-
548 3777 570 3812 ln
584 3775 705 3816 finellnrni.
720 3780 779 3816 edd:
798 3781 836 3821 lit,
853 3783 906 3829 quml
921 3776 979 3824 dicii,
1002 3787 1048 3821 lum
1064 3790 1119 3823 mian
1134 3800 1167 3821 ‹e-

222 3839 296 3869 rreum
311 3839 379 3873 aratra,
400 3831 428 3868 iu
443 3831 579 3874 mutandum,
595 3834 650 3881 qum
665 3835 730 3872 dicut:
742 3837 801 3878 „lam,
823 3838 877 3885 quad
891 3837 982 3874 ultimum
998 3846 1020 3876 ot
1034 3840 1113 3878 linitum
1128 3853 1165 3878 esse

222 3888 303 3927 videtur
317 3889 337 3925 in
351 3888 426 3932 vineis,
441 3889 505 3924 cultor
519 3889 603 3925 rusticus
619 3891 739 3938 complevit:
754 3905 799 3928 uum
815 3896 834 3928 a't
850 3894 939 3930 ultimum
954 3902 1032 3942 pur-tum
1048 3897 1120 3935 uirium·
1134 3911 1165 3946 pur

221 3947 323 3982 columnus
339 3951 357 3981 et
371 3944 466 3982 uraca-rius
480 3945 564 3981 struxit:
586 3946 678 3985 ultimum
694 3947 842 3985 enimu'idrtnr
856 3963 911 3987 esso:
933 3950 1031 3994 ethnle,
1053 3955 1112 4002 <lissei
1131 3954 1165 3990 iem

220 4014 301 4040 securas
320 4001 351 4040 sui
369 4001 454 4044 labori«,
474 4001 529 4038 canit
547 4008 568 4038 ut
586 4004 672 4051 gaudet:
693 4010 760 4041 tanen
779 4005 844 4042 sdlmo
866 4007 925 4042 dubet
945 4018 987 4044 tuse
1003 4009 1115 4053 sollicitus,
1133 4022 1165 4046 nee

219 4071 307 4109 unquam
320 4058 342 4099 iu
356 4057 446 4097 omnibus
461 4071 504 4095 esua
519 4071 606 4097 aceruus.
634 4062 690 4098 llaec
705 4060 768 4100 omitt.
782 4062 806 4100 B·
821 4062 846 4100 L.
860 4063 886 4100 R.
902 4064 925 4100 V.
941 4064 988 4102 Vos.
1003 4066 1074 4116 saepta
1088 4067 1140 4108 Dan.
