2430 4620
307 329 343 372 ιιι
363 304 996 382 vtuett.BUO0L.11‚27-33··.
1027 330 1032 337 ·
1085 309 1153 377 107(
1186 332 1190 337 ·

101 496 170 548 citur
189 499 292 564 pastor
308 493 444 547 fuisse·-
479 501 523 551 27.
542 492 574 545 Si
591 510 739 561 nunquam
750 491 836 561 fallit
854 494 965 560 emergat
980 491 1055 544 nulla
1072 491 1149 544 enim

103 583 142 617 res
159 567 203 615 ita
223 562 344 630 decipit,
369 563 603 634 quemadmodum
628 565 732 629 imago.
766 563 838 612 Nam
856 570 885 613 et
907 563 937 613 in
954 561 1065 629 speculo
1083 576 1149 611 con-

105 634 188 684 traria
210 632 335 683 ostendit
354 633 494 684 universa:
519 639 547 684 et
569 633 600 683 in
617 649 688 700 aqua
706 647 816 697 remum
829 630 975 698 integrum
993 631 1070 697 quasi
1094 632 1148 681 ira-

101 711 175 752 ctum
195 701 340 752 videmus:
363 702 437 768 quod
462 701 548 753 etiam
573 702 671 752 Cicero
696 703 725 752 in
750 699 912 750 Tusculanis
935 688 1042 769 plenius
1060 699 1148 749 docet.

101 772 200 820 Iudice
220 782 249 820 te
268 780 407 832 metuam,·
427 770 465 822 *ac
482 771 505 820 si
522 770 642 822 diceret:
665 768 718 837 Qui
743 768 838 819 ineam
860 768 973 835 respicis
997 767 1149 834 pulchritu-

100 841 205 891 dinem.
226 866 283 881 -·
305 844 351 895 28.
376 837 444 890 Tibi
468 839 586 889 sordido
613 855 697 901 ruro‚·
721 838 830 887 utinam
853 837 939 888 libeat
961 836 1011 887 tibi
1036 852 1149 888 mecum

100 908 234 960 babitare
255 923 325 959 rura
341 906 394 958 tibi
410 902 533 974 sordida,
547 907 567 958 i.
579 926 618 971 e.‚
635 923 705 975 quae
722 914 753 955 tu
771 914 850 973 putas
865 905 992 968 sordida3
1009 922 1075 956 uam
1093 905 1148 955 tili

100 977 141 1027 bis
159 976 329 1046 accipimus.
346 970 386 1014 -'
413 981 459 1034 29.
479 976 568 1037 Atque
586 974 708 1031 humiles
733 973 861 1025 habitare
878 989 978 1034 cosos3
1001 991 1067 1026 sane
1089 989 1148 1025 me·

101 1046 150 1097 lius
177 1045 282 1096 habito
306 1046 387 1095 illam
413 1063 485 1106 rem;
509 1061 595 1114 quam
617 1044 714 1095 habito
740 1045 772 1093 in
792 1044 843 1093 illa
862 1061 889 1093 re
913 1043 1037 1094 dicimus.
1072 1042 1147 1096 Nam

105 1118 188 1165 otiam
207 1113 403 1184 principalitas
428 1113 508 1164 huius
533 1111 610 1165 verbi
633 1111 827 1181 frequentativi
852 1112 1043 1162 accusativum,
1059 1111 1147 1178 regit:

109 1191 137 1233 ut
150 1184 242 1233 babeo
263 1183 346 1234 illam
365 1198 430 1234 rem.
463 1180 530 1233 Inde
545 1180 689 1232 attalus
709 1181 789 1231 illam
808 1197 880 1230 rem:
898 1195 962 1231 ,non
980 1182 1012 1229 in
1030 1180 1082 1229 illo
1102 1197 1146 1230 re:

112 1260 141 1301 ut
153 1253 288 1302 babitare
306 1254 396 1302 doses.
430 1250 549 1318 [Gasos5
567 1265 638 1318 quae
655 1249 776 1318 mapalia
792 1247 940 1314 dicuntur]
975 1247 1074 1315 Figere
1088 1264 1145 1298 cer-

113 1338 169 1383 uos,·
193 1329 249 1371 aut
275 1320 394 1384 furem,t
462 1337 478 1371 e
499 1316 621 1386 figuntur
646 1318 681 1369 ad
703 1336 782 1369 casae
807 1317 1046 1369 sustentationem:
1073 1333 1145 1385 quae

110 1389 195 1441 dictae
216 1396 285 1439 sunt
302 1389 389 1454 cervi,
413 1387 449 1440 ad
465 1386 675 1439 similitudinem
693 1402 830 1438 cornuum
846 1384 1052 1454 cervliuJorum.
1085 1387 1147 1450 Aut,

108 1459 179 1525 quod
199 1458 305 1509 melius
322 1464 377 1521 est,
400 1455 485 1523 figere
501 1470 611 1520 cervos,
634 1456 729 1506 venari
746 1462 775 1507 et
791 1455 921 1520 iaculari,
945 1455 1147 1523 intelligamus:

107 1534 135 1575 ut
149 1544 182 1577 m
224 1527 247 1576 's
264 1527 300 1576 ad
317 1525 485 1594 voluptatem
503 1540 581 1588 etim,
605 1540 688 1592 quam
714 1525 747 1574 ad
771 1523 898 1574 laborem
919 1523 1035 1575 invitare
1059 1523 1148 1575 videa-

108 1602 156 1646 tur.
231 1595 306 1646 iridi
328 1593 456 1658 hibisco,·
481 1593 516 1645 ad
540 1592 678 1645 hibiscum
700 1588 882 1658 compellere,
904 1592 1009 1642 scilicet
1033 1610 1050 1642 a
1074 1591 1147 1644 lacte

109 1663 247 1734 depulsos.
281 1661 406 1713 Hibiscus
425 1669 532 1726 autem,
548 1677 636 1730 genus
653 1669 694 1713 est
710 1661 828 1713 herbae:
845 1660 928 1710 etsie
945 1661 1012 1711 dixit
1028 1660 1147 1727 hibisco,

106 1733 139 1783 nt
154 1733 317 1784 hibiscum:
333 1739 378 1781 ut:
403 1732 429 1781 It
446 1733 551 1782 clamor
570 1732 661 1795 coelo,
684 1731 703 1781 i.
721 1750 745 1782 e.
762 1731 798 1782 ad
815 1728 932 1783 coelum.
948 1757 983 1765 —
1018 1735 1060 1786 31.
1079 1731 1147 1780 lmi-

107 1804 200 1852 talere
219 1799 304 1850 Pana
322 1802 464 1863 cuneatim
481 1801 605 1866 exemplo
621 1800 759 1862 numinis,
775 1799 805 1850 in
823 1798 895 1865 aga-is
912 1814 1024 1848 mecum
1042 1799 1146 1864 poteris

107 1887 219 1923 canere.
261 1869 335 1919 Nam
358 1869 416 1920 Pan
437 1869 503 1923 deus
529 1877 570 1921 est
592 1869 723 1935 rusticus,
746 1869 776 1918 in
800 1874 915 1918 naturae
938 1866 1147 1920 similitudinem

106 1939 258 1991 formatus.
291 1936 369 1988 Uude
389 1945 417 1989 et
435 1936 494 1988 Pan
512 1937 599 1989 dictus
617 1944 672 2000 est,
696 1937 714 1987 i.
732 1955 756 1989 e.
774 1951 868 1994 omne3
890 1934 976 1987 habet
993 1937 1068 1986 enim
1087 1952 1147 1986 cor-

106 2026 159 2061 nua
187 2008 220 2059 in
245 2005 390 2058 radiorum
414 2006 477 2061 solis
501 2013 529 2058 et
545 2021 680 2056 cornutun
702 2005 785 2056 lunae
801 2003 1019 2054 similitudinem.
1053 2005 1148 2056 Rubet

106 2079 163 2128 eius
182 2073 273 2128 facies
289 2074 325 2126 ad
342 2072 464 2127 aetheris
488 2074 679 2126 imitationem.
712 2075 744 2123 ln
769 2081 882 2143 pectore
898 2071 1044 2123 nebridem
1062 2074 1147 2124 habet

107 2146 269 2208 stellatam,
285 2142 321 2194 ad
337 2143 658 2209 stellarumimaginem.
692 2141 758 2192 Pars
775 2143 832 2193 eius
848 2141 966 2192 inferior
982 2141 1090 2207 hispida
1108 2150 1149 2192 est

106 2222 226 2283 propter
246 2211 375 2276 arbores,
398 2212 529 2280 virgulta,
554 2211 600 2278 (et)
618 2211 697 2261 feras.
732 2210 866 2279 Caprinos
892 2210 975 2277 pedes
991 2209 1090 2275 habet,
1116 2218 1148 2260 ut

106 2282 239 2334 ostendat
256 2288 350 2333 terrae
366 2277 539 2332 soliditatem.
573 2277 703 2329 Fistulam
726 2286 834 2346 septem
856 2278 1028 2329 calamorum
1054 2278 1148 2343 habet,

105 2359 226 2422 propter
252 2349 430 2401 harmoniam
448 2349 531 2400 coeli:
558 2347 588 2397 in
606 2363 660 2414 qua
682 2355 790 2413 septem
807 2346 868 2397 soni
884 2341 966 2410 sunt,'
985 2353 1015 2396 ut
1031 2347 1148 2398 diximus

105 2422 133 2472 in
146 2417 277 2472 aeneide
291 2422 326 2487 (6,
338 2421 425 2479 646.):
442 2417 546 2484 Septem
563 2417 732 2466 discrimina
746 2432 862 2468 uocums
879 2411 1037 2483 καλαύροπα
1054 2416 1148 2480 habet,
1184 2476 1188 2481 ,

104 2488 123 2541 i.
140 2507 165 2540 e.
185 2487 310 2556 pedum,
335 2487 389 2538 hoc
406 2495 447 2538 est
463 2486 594 2538 baculum
611 2500 759 2536 recurmm
776 2492 890 2553 propter
908 2500 1029 2549 asinum,
1053 2486 1148 2554 quiin

105 2574 132 2609 se
156 2555 300 2608 recurrit:
323 2555 389 2622 quia
412 2557 458 2607 hic
482 2556 566 2605 totius
588 2560 704 2606 naturae
720 2555 786 2606 deus
809 2561 865 2617 est,
889 2571 906 2604 a
924 2555 1010 2621 poetis
1034 2553 1147 2621 lingitur

105 2642 173 2675 cum
193 2627 303 2675 Amore
324 2624 455 2676 luctatus:
480 2631 509 2676 et
525 2623 560 2674 ab
577 2637 611 2674 eo
629 2623 728 2673 vietus:
752 2623 832 2690 quia,
856 2629 887 2670 ut
906 2621 1023 2687 legimus
1047 2624 1087 2686 (E.
1107 2628 1149 2684 10,

105 2698 178 2758 dal:
198 2693 312 2744 Omnia
329 2694 419 2744 uincit
436 2711 523 2744 aanor.
557 2692 632 2759 Ergo
649 2691 720 2755 Pan,
738 2690 888 2741 seesindum
905 2690 1025 2754 fabulas,
1043 2706 1148 2741 amasse
1174 2723 1176 2727 -

104 2762 260 2830 Syringam
273 2761 425 2830 nympham
440 2763 553 2823 dicitur:
569 2776 653 2826 quam
668 2772 733 2810 cum
747 2765 917 2826 sequeretur,
928 2759 983 2822 illa,
1000 2758 1148 2828 implorato

105 2831 216 2882 Terrae
238 2829 348 2894 auxilio,
364 2830 394 2881 in
412 2831 550 2882 calamum
568 2842 697 2879 conversa
716 2836 768 2879 est:
786 2843 869 2894 quem
887 2826 953 2889 Pan,
969 2827 1004 2878 ad
1021 2827 1149 2877 solatium

107 2901 216 2963 amoris
235 2898 349 2961 incidit,
373 2907 401 2951 et
417 2900 469 2950 sibi
487 2898 605 2948 fistulam
622 2897 695 2948 fecit.
729 2897 800 2947 Sane
817 2895 973 2958 sciendum,
992 2896 1086 2959 Pana,
1103 2912 1148 2961 pa,
1191 2952 1195 2958 ,

106 2968 216 3020 babere
237 2975 393 3019 accentum.
428 2968 536 3019 Graeca
554 2966 628 3020 euim
643 2964 840 3033 monosyllaba,
857 2979 927 3031 quae
945 2965 979 3015 ad
995 2980 1045 3014 nos
1062 2973 1150 3014 trans·

108 3046 192 3102 eunt,
218 3041 351 3105 crescunt
373 3036 403 3087 in
426 3035 542 3104 obliquis
559 3035 679 3085 casibus:
705 3041 733 3083 ct
748 3035 777 3084 in
796 3032 914 3100 genitivo
940 3040 968 3084 et
984 3032 1073 3086 dativo
1090 3040 1149 3083 tan-

108 3113 169 3156 tum
201 3103 392 3171 singularibus
420 3105 542 3156 ultimae·
563 3102 684 3170 syllabae
706 3110 852 3153 accentum
877 3101 957 3165 dant,
988 3110 1033 3166 ut,
1062 3102 1150 3153 Panos

109 3173 198 3238 Pani,
216 3174 331 3239 Lyncus
346 3174 441 3242 Lynci.
475 3172 595 3224 Plurales
613 3169 701 3239 [vero]
724 3171 807 3222 etiam
830 3170 875 3221 isti
892 3169 945 3220 duo
971 3170 1030 3236 (ite)
1047 3171 1153 3222 habeut

108 3251 277 3294 accentum:
303 3241 367 3293 licet
390 3242 425 3294 ad
449 3256 498 3292 nos
521 3241 637 3291 transire
664 3237 742 3304 [nou]
766 3240 877 3308 possint.
900 3258 953 3275 -·
976 3246 1019 3295 33.
1043 3238 1100 3289 Nec
1125 3251 1150 3290 te

109 3314 258 3377 poeniteat
280 3311 390 3361 calamo
416 3313 528 3362 trivisse
553 3310 704 3371 labellum‚·
735 3323 792 3358 non
821 3307 872 3357 tibi
897 3323 996 3374 parum
1020 3307 1152 3359 videatur.

111 3380 277 3431 Terentius:
301 3381 337 3429 At
354 3381 429 3429 enim
448 3392 582 3445 quantum
602 3377 648 3427 hic
674 3379 766 3442 operis
783 3376 841 3444 flat
858 3379 985 3442 poenitet.
1020 3377 1039 3431 l.
1057 3397 1080 3428 e.
1104 3393 1152 3448 pa·

111 3465 174 3500 rum
199 3447 321 3498 videtur.
355 3448 391 3498 Et
414 3448 566 3499 notandum
590 3446 730 3511 poeniteat
748 3446 1085 3512 trivisse‚tpraeteritum
1100 3461 1152 3514 pro

113 3516 255 3586 praesenti
271 3515 392 3582 positum
409 3517 579 3583 usurpative:
604 3513 676 3581 quod
700 3513 729 3564 in
747 3513 886 3565 defectivis
902 3514 1016 3565 licenter
1033 3515 1080 3577 fit,
1105 3516 1152 3567 ubi

114 3601 244 3654 maerens
260 3601 319 3635 non
336 3584 481 3637 invenitur.
514 3586 566 3635 Ut:
585 3582 756 3650 Quanquam
775 3585 891 3633 animus
911 3585 1072 3634 meminisse
1089 3583 1154 3635 tor-

147 3753 191 3813 31)
208 3752 266 3802 Pro
285 3745 346 3803 uui.
369 3751 403 3801 al.
421 3747 535 3822 ῥάβδον,
559 3754 589 3803 V.
608 3769 815 3817 caramerum,
837 3752 898 3800 Vos.
923 3765 1100 3816 earauropu‚
1121 3750 1153 3801 Β.

170 3831 188 3860 tt
203 3823 275 3861 Guell.
291 3822 315 3860 ll.
335 3836 441 3865 recurvum
463 3825 557 3863 baculum
577 3838 717 3874 cururtrorupa
738 3825 769 3871 (ll.
791 3822 913 3871 carsuurupu)
933 3821 992 3859 luder
1012 3825 1026 3860 ι’.
1041 3837 1058 3860 e.
1077 3821 1152 3870 pedum

171 3890 285 3943 propter
302 3884 353 3924 etc.
370 3876 461 3928 Guelf.
471 3881 490 3929 Ι.
504 3898 700 3945 καραυροραπα
715 3880 795 3928 habet
810 3880 827 3926 ι’.
841 3895 862 3927 e.
881 3894 984 3943 ungam
1003 3892 1023 3925 s.
1043 3878 1151 3943 virgam

169 3948 289 3997 (virgulam)
301 3946 377 3996 pedum
389 3958 473 3998 propter
487 3958 525 3988 cte.
541 3954 578 3988 t's.
593 3953 631 3988 boo
645 3959 675 3988 est
690 3951 739 3989 bue.v
750 3964 790 3988 rec.
805 3961 843 3984 om·
858 3949 884 3985 R·
900 3949 924 3985 V·
941 3949 987 3985 VM·

147 4026 176 4075 ὅξ-
191 4031 278 4067 Terent.
295 4030 369 4066 lle-aut
386 4029 452 4075 1,1,
467 4030 501 4069 20.
531 4031 570 4068 Pro
588 4032 676 4079 panum
699 4032 724 4069 al.
739 4031 785 4070 tub.
800 4042 840 4067 nou
852 4042 926 4078 poem,
948 4040 963 4063 s.
979 4026 1067 4066 scendum
1079 4027 1151 4076 poen·-

170 4094 220 4126 leul-
