2430 4620
105 230 193 339 ‚iss
384 250 526 317 saum
548 252 906 319 constructurus

124 454 161 493 e!
177 452 233 507 quo
250 452 342 490 semiss
358 436 446 490 nostri
463 445 527 490 sunt
542 438 661 492 cerebri.
695 438 780 492 Nihil
797 439 859 503 tie,-
876 439 1027 507 figuratum
1046 459 1071 491 es

126 508 254 575 Desunt,
270 507 335 576 quia
351 506 459 559 absunt.
492 506 575 559 Nihil
593 509 640 559 hie
659 512 719 560 nisi
736 513 865 559 carmina
884 512 1001 570 desunt3
1025 516 1071 559 tan

129 576 273 641 omuibus,
296 592 368 643 quse
383 575 579 645 imperaverat,
602 578 705 646 peratis
721 579 846 628 eariuina
862 579 920 628 sola
937 578 1049 646 magica
1066 597 1071 627 ι

125 644 208 711 dicit,
230 660 295 696 nam
319 642 372 694 hoc
389 644 526 712 sequitur:
548 644 652 695 Ducite
670 647 704 697 ab
724 648 790 696 urbe
809 648 922 697 domum
941 664 1001 696 mea
1022 663 1071 696 car

124 726 161 752 -ι-
195 720 239 772 5&
253 711 371 775 Ducite,
389 727 440 779 pro
457 713 593 765 adducite.
627 713 780 780 Daphnim
798 715 870 765 hisuc
884 715 1016 782 Daphnin
1033 732 1070 785 pu

126 783 232 837 rimum
249 782 321 832 iuter
340 790 475 851 pastores,
493 789 521 833 et
538 782 677 852 ephebum
695 793 722 834 et
738 784 773 834 ab
791 783 919 834 omnibus
936 793 1062 835 amatum

100 886 104 897 .
124 853 181 916 nis,
196 852 267 903 sicut
283 866 363 919 supra
382 849 487 900 dictum
503 859 558 914 est,
575 852 652 902 mirlti
669 850 815 921 scriptores
831 852 971 915 adserunt,
985 853 1063 902 cuius

125 922 231 973 tiuisem
249 918 376 986 Virgilius
393 919 495 987 peritus
511 921 696 987 antiquitatis,
719 936 774 970 nou
793 921 930 971 incassum
948 921 1013 971 locis
1032 921 1068 986 pli

124 990 200 1043 tacit
235 989 314 1039 Heme
332 987 415 1055 igitur
432 1003 497 1037 cum
513 988 634 1059 nympha
648 990 748 1039 Nomia
765 998 881 1052 amaret,
899 997 926 1039 et
942 990 988 1040 ille
1007 1004 1069 1038 cam

124 1065 219 1121 neret,
244 1064 273 1109 et
289 1056 469 1107 Chimaeram
486 1058 575 1123 potius
592 1065 767 1125 sequeretur,
791 1057 827 1107 ab
851 1058 922 1108 irata
940 1056 1064 1125 nympha

124 1127 195 1179 trice
212 1125 359 1176 luminibus
377 1125 488 1177 orbatus
506 1134 560 1190 est,
575 1126 676 1177 deinde
692 1126 721 1176 in
738 1125 858 1193 lapidem
877 1142 979 1176 versus:
997 1142 1065 1176 nam

45 1228 49 1243 .
125 1194 374 1266 Cephalenitanum
392 1194 524 1312 oppidum
540 1211 633 1245 suarim
650 1196 842 1258 di‹·itur¹etse,
872 1195 946 1264 quod
967 1196 1071 1244 formas

125 1263 209 1316 minis
226 1263 358 1314 ostendat
392 1261 443 1312 aii
460 1261 533 1313 huuc
547 1261 677 1330 Daphnin
691 1262 813 1328 Pipleum
827 1280 933 1315 amasse
950 1263 1053 1325 dicunt,

124 1348 190 1384 cum
206 1349 223 1383 a
239 1329 423 1402 praedonibus
440 1339 550 1400 raptam
567 1331 690 1401 Daphnis
708 1347 757 1398 per
774 1341 865 1382 totum
878 1331 981 1384 'orbem
999 1348 1071 1398 quae

124 1400 323 1468 invenissetque
347 1400 376 1451 iu
400 1398 518 1519 Pbrypis
540 1402 614 1468 apud
638 1400 790 1469 thiersem
815 1401 883 1467 (leg.
900 1399 1033 1467 Lityers.)
1060 1419 1071 1451 r

124 1469 305 1528 servientem,
327 1468 375 1536 qiu
397 1466 450 1518 hac
484 1485 535 1538 ege
558 1471 587 1521 in
611 1469 728 1521 advenas
751 1469 902 1533 saeviebat,
926 1480 957 1519 ut
973 1485 1071 1519 cumn

124 1544 232 1607 segetes
254 1536 385 1600 haberet,
433 1538 575 1605 cregrinos
599 1539 773 1590 advenientes
794 1553 889 1587 secum
913 1547 1021 1589 metere
1045 1539 1072 1588 fa

123 1607 262 1675 victosque
287 1608 383 1673 (oinct.
427 1606 503 1668 eins.)
526 1607 635 1658 iuberet
658 1608 752 1658 occidi.
792 1605 844 1657 Sed
861 1606 994 1659 Hercules
1011 1606 1071 1658 mist

125 1674 293 1745 Daphnidis,
310 1675 433 1737 veuitad
451 1690 561 1742 regem,
585 1684 614 1727 et
629 1676 721 1727 audita
739 1675 896 1727 conditione
913 1677 1071 1727 certaminis

124 1760 188 1796 cem
211 1743 246 1796 ad
268 1742 429 1795 metendum
454 1744 575 1812 accepit,
606 1760 692 1811 esque
715 1745 775 1811 regi
799 1753 882 1813 caput
906 1747 1067 1812 amputavit.

124 1812 263 1883 Daphnen
279 1830 296 1864 a
312 1812 434 1881 periculo
458 1812 598 1875 liberavit,
624 1822 653 1865 et
672 1813 698 1864 ei
714 1813 851 1880 Pipleam,
875 1828 960 1881 quam
984 1814 1032 1864 alii
1047 1815 1070 1863 lt

123 1881 234 1947 dicunt,
263 1881 398 1943 reddidit,
427 1881 525 1948 quibus
551 1881 621 1933 dotis
651 1880 764 1934 nomine
795 1882 887 1933 aulam
914 1897 1025 1949 quoque
1047 1901 1071 1933 re

125 1950 304 2014 condonavit,
326 1949 405 2001 ferali
423 1949 510 2016 sopito
529 1951 649 2003 metendi
666 1949 810 2015 carmine]
826 1976 860 1988 -—
894 1956 937 2008 69.
957 1951 1071 2001 Carmin

125 2020 200 2070 coelo
218 2031 337 2086 possunt
354 2018 486 2068 deducere
503 2016 633 2084 Lunam
651 2021 701 2083 vel,
718 2018 736 2069 i.
754 2037 790 2081 e.,
807 2023 906 2069 etiam:
925 2027 956 2068 ut
973 2021 1011 2082 (A
1026 2025 1050 2082 9,
1067 2034 1071 2073 5

129 2086 178 2140 Vel
192 2086 304 2139 Priamo
319 2088 480 2137 miseranda
496 2105 605 2140 monus.
640 2090 688 2140 Est
702 2095 795 2139 autem
808 2095 1006 2156 argumentum
1018 2106 1034 2139 a
1048 2104 1071 2136 m

126 2156 162 2208 sd
179 2157 285 2208 minus:
302 2155 328 2207 Si
346 2157 415 2208 haec
432 2166 544 2226 possunt
559 2158 653 2209 fucere
669 2157 808 2207 carmina:
825 2174 874 2208 cur
892 2171 947 2207 non
963 2157 1046 2207 etiam
1063 2159 1071 2207 l

123 2224 312 2294 impleantur?
335 2224 401 2292 quid
424 2232 465 2276 est
487 2226 573 2276 etiam
596 2226 716 2287 facilius,
738 2241 823 2292 quam
847 2234 877 2274 ut
895 2224 1017 2293 Daphnis
1034 2242 1066 2276 ex

124 2291 194 2363 [rus]
210 2293 320 2357 redeat,
344 2301 374 2343 ut
391 2293 528 2345 civitatem
545 2296 654 2346 deserat
676 2293 809 2344 rusticus?
843 2292 896 2358 [Et
913 2293 984 2343 bene
1001 2304 1071 2362 poter

124 2362 282 2413 carminum
299 2368 408 2424 narrat,
425 2377 496 2429 quae
513 2379 563 2432 pro
581 2362 684 2429 (per?)
701 2381 734 2413 ea
750 2361 792 2412 vel
808 2363 868 2413 lieri
886 2362 1004 2428 possint,
1021 2362 1062 2412 vel

123 2429 198 2495 sint]
215 2457 250 2468 -
283 2436 327 2487 71.
344 2428 479 2501 Frigidus
486 2454 496 2493 ,·
513 2448 628 2483 nocens:
646 2439 675 2482 ut
693 2432 739 2497 (G.
756 2437 779 2492 1,
797 2432 881 2490 atui:
898 2430 1017 2495 Frigida
1035 2431 1069 2480 Sa

124 2516 183 2550 sese
208 2516 261 2566 quo
288 2499 366 2549 stelles
393 2511 512 2563 receptet.
554 2501 700 2551 Cantando
708 2524 717 2563 ‚·
741 2499 807 2548 dum
832 2500 858 2550 ei
882 2499 1046 2550 incantatur.

124 2566 415 2688 tillitutt’lt
433 2567 1071 2704 ‘'iuuit“itm’illi‘zuittttltn

125 2705 268 2757 Cantando
286 2712 315 2754 tu
332 2703 427 2755 illum?
438 2654 529 2756 ivm,
552 2714 592 2756 est
614 2707 680 2758 illud
698 2707 726 2757 in
744 2706 869 2756 Sallustio
893 2706 969 2774 (lug.
987 2708 1055 2765 66.);

124 2776 183 2838 ipse
202 2775 238 2824 od
257 2774 451 2838 imperandum
469 2773 613 2824 Tisidium
631 2775 680 2837 (L.
699 2773 784 2824 Titid.
810 2776 839 2825 V.
859 2774 951 2825 Tesid.
976 2774 1065 2825 Guelf.

124 2842 289 2905 Tisiduum)
308 2855 463 2894 vocaretur.
496 2843 516 2893 1.
534 2862 572 2907 e.,
596 2846 648 2911 (ut)
674 2845 699 2895 ei
718 2845 910 2911 imperaretur.
944 2843 1033 2910 [Sane
1049 2858 1071 2893 vt

124 2925 238 2963 cantare
263 2912 297 2962 de
321 2912 431 2978 magico
455 2911 578 2962 carmine
602 2912 745 2976 dicebant,
777 2912 850 2962 unde
876 2919 905 2962 et
926 2925 1071 2961 excantare

121 2983 238 3049 magicis
261 2980 431 3031 carminibus
455 2979 593 3046 obligare:
614 2981 723 3033 Plautus
747 2981 776 3031 in
801 2980 984 3030 Bacchidibus
1008 2983 1071 3047 (fra,

122 3049 198 3100 Nam
216 3062 246 3100 tu
266 3049 376 3114 quidem
396 3050 489 3098 cuiuis
508 3061 655 3099 excantare
673 3065 721 3099 cor
738 3049 830 3117 facile
848 3061 932 3113 potes.
950 3072 985 3093 -ν
1025 3057 1068 3104 73.

124 3135 178 3181 na,·
196 3117 265 3182 tris,
281 3117 299 3167 i.
317 3134 358 3181 e.,
379 3118 434 3168 tria
452 3117 529 3180 alba,
551 3120 606 3169 tria
623 3133 714 3183 rosea,
738 3127 767 3168 et
782 3117 836 3167 tria
860 3116 961 3184 nigra]
994 3115 1071 3167 Lieia

122 3187 240 3249 eumd05
265 3185 336 3236 bene
353 3186 439 3236 utitur
461 3185 544 3249 liciis,
568 3203 639 3254 quae
662 3188 700 3237 ita
722 3194 830 3237 stamen
853 3185 1011 3255 implicant,
1034 3195 1064 3234 ut

122 3254 302 3307 adolescentis
315 3261 439 3304 mentem
452 3254 595 3321 implicare
611 3256 829 3307 contendant-
857 3263 901 3312 75.
915 3255 1048 3323 Effigiem
1064 3274 1071 3303 ι

120 3323 262 3392 [amaturis
286 3323 353 3372 dicit
376 3322 518 3391 effigiem]
559 3324 602 3374 Sic
625 3323 697 3375 Dido
722 3327 769 3390 (Α.
792 3329 825 3386 4,
848 3324 942 3386 504.):
966 3322 1071 3390 Effigie

122 3393 203 3444 thore
222 3392 311 3455 locat,
329 3391 406 3441 houd
425 3397 527 3458 ignara
541 3393 648 3461 futuri.
683 3394 752 3460 [Hoc
770 3394 875 3443 faciunt
892 3391 1025 3456 malefici,
1042 3393 1071 3442 li<

121 3461 246 3526 effigiem
267 3460 397 3511 amatoris
420 3460 637 3526 circumferunt,
658 3477 742 3511 unam
765 3477 797 3512 er
818 3461 903 3526 limo,
924 3461 1011 3512 aliam
1036 3477 1067 3510 cx

119 3529 233 3582 tertiam
251 3544 281 3579 es
297 3525 383 3591 ‹era.]
417 3528 541 3581 Numero
556 3532 624 3580 deur
641 3532 749 3595 impure
760 3532 880 3596 gaudet,-
897 3537 945 3580 aut
961 3545 1071 3597 quernei

120 3612 297 3669 superorum.
328 3597 418 3663 [iuxta
440 3597 639 3664 Pjthagoreos,
669 3599 717 3666 qui
739 3599 894 3649 ternarium
918 3615 1070 3650 numerum

119 3670 227 3720 fectum
249 3680 359 3714 summo
383 3665 436 3716 deo
461 3666 618 3734 adsignant,
642 3684 659 3718 a
684 3683 739 3733 quo
763 3668 887 3730 initium,
911 3675 940 3718 et
964 3666 1071 3717 medior

120 3737 182 3788 linis
200 3732 273 3799 est‚]
296 3742 345 3784 aut
366 3734 486 3800 [revera]
501 3737 624 3786 Hecaten
640 3736 720 3786 dicit:
743 3737 819 3786 cuius
843 3735 941 3804 triplex
958 3743 1071 3802 potesta:

121 3805 300 3874 perhibetur3
323 3803 396 3854 unde
421 3814 462 3854 est
478 3804 519 3868 (A.
537 3811 570 3866 4,
588 3806 674 3864 511.):
702 3804 771 3854 Trio
795 3807 921 3870 virgins's
947 3821 997 3855 ora
1024 3804 1071 3853 Du

119 3874 256 3949 [muniris
273 3872 400 3921 onmium
423 3887 510 3941 prope
527 3871 644 3922 deorsum
666 3881 786 3941 potestas
807 3873 910 3939 triplici
931 3876 1013 3939 signo
1032 3881 1071 3923 ost

120 3952 181 4006 tur,
210 3949 242 3992 ut
263 3940 333 3990 lovis
356 3939 479 3990 trifidum
502 3940 624 4004 fulmen,
648 3942 770 4009 Neptuni
792 3942 911 4004 tridens,
933 3941 1059 3992 Plutonis

119 4010 230 4082 triceps.
263 4008 360 4080 Apollo
376 4009 454 4061 idem
470 4008 526 4074 sol,
547 4009 624 4063 idem
640 4009 741 4077 Liber,
765 4010 806 4064 vel
822 4011 898 4080 quod
920 4009 1019 4062 omnia
1036 4017 1071 4062 tei
