2430 4620
43 2360 45 2365 .
130 2325 197 2379 atc.;
227 2320 319 2372 variae
349 2325 412 2370 sunt
435 2321 561 2391 Philosop

118 286 183 357 134
377 281 521 347 snuvn
544 276 902 346 COMMENTARIUS

122 467 250 536 reliquit,
273 466 303 518 in
320 483 376 536 qua
391 476 465 522 veste
481 470 541 521 sera
560 467 681 522 exercuit
697 467 770 519 irem
786 481 883 529 snam,
904 464 1068 534 cruorisque
1085 465 1145 518 fera

122 537 236 592 alicuius
260 537 343 604 paulo
361 544 425 589 ante
447 538 561 607 reliquit
578 537 690 606 vestigia
713 537 743 588 iu
767 535 851 605 pallio
868 534 991 603 puellae,
1016 551 1074 602 qua
1091 546 1146 587 vest

123 606 179 660 visa
197 605 321 655 Piramns
338 599 498 673 cruentata,
520 617 585 659 tunc
608 615 684 657 retus
702 614 742 657 eet
758 606 936 656 interfectam
952 620 1011 654 esse
1028 604 1146 657 Thisben

124 682 155 728 et
171 673 207 724 ob
225 688 353 724 amorum
371 675 500 727 ardorem
518 692 546 727 sc
564 674 717 737 intersevit,
741 689 772 725 ex
790 688 911 740 quorum
934 687 1036 725 cruore
1061 673 1146 724 dicitu

125 741 209 798 arbor
232 742 348 811 inlecta,
371 759 439 796 nam
465 759 536 812 qliae
560 752 623 809 autc
648 743 763 810 gerebat
787 748 871 809 portia
895 740 974 804 alba,
998 758 1075 792 nunc
1101 756 1146 794 san

146 811 234 863 uinea
251 836 285 849 -·
320 818 364 868 23.
381 811 505 876 Rideam
531 812 657 863 irridens.
699 809 776 877 Quo,
801 809 835 861 ed
853 825 937 877 quiam
959 825 1031 859 rem.
1049 837 1086 847 —
1118 815 1146 868 24

124 826 229 932 §civite
257 894 299 928 ms
323 882 421 945 μαινίς
447 881 513 948 qiua
536 887 713 951 putaverant,
740 876 804 930 etim
829 893 933 928 corona
954 876 1037 945 ligari
1062 894 1146 948 posse.

125 946 202 1004 Satis
220 958 260 1000 est
277 950 401 1026 potuisse
420 952 527 1013 vidum
552 949 651 999 eunucis
668 951 759 1012 enim,
782 948 846 1015 qnia
864 946 942 1013 potui
958 961 975 996 a
992 946 1088 1011 vobis,
1103 951 1146 1016 [qo

128 1016 193 1072 aaut
208 1013 366 1081 hommes,]
384 1018 478 1070 videri.
513 1016 593 1086 Quod
609 1017 671 1068 ideo
689 1017 770 1079 dicit,
788 1017 853 1083 quia
869 1014 1007 1081 bemidei,
1035 1031 1102 1065 cum
1118 1029 1146 1067 ro

124 1083 186 1141 lunt
201 1091 326 1148 tautum,
349 1085 489 1153 videntur,
511 1094 542 1137 ut
564 1087 666 1149 Fauni,
688 1084 849 1153 Nymphoe',
872 1084 986 1134 Silenus.
1026 1084 1146 1139 Potest<

127 1152 364 1221 ahter-intelligi,
388 1158 460 1207 satis
484 1167 524 1206 cst
541 1160 607 1218 etc,
630 1153 729 1204 suflicit
765 1151 819 1204 uod
835 1153 896 1205 talis
913 1151 989 1202 vobis
1005 1153 1078 1203 maus
1095 1168 1146 1203 sun

126 1229 158 1277 ut
175 1220 261 1277 etiam
277 1222 357 1287 ligari
374 1225 484 1294 possim.
501 1249 534 1261 -
576 1228 619 1279 26.
636 1221 713 1272 llnic
731 1171 813 1275 ailad
832 1221 966 1272 mercedis
984 1223 1055 1286 eris;
1079 1222 1146 1289 Nym

146 1290 200 1345 has
216 1289 339 1342 minatur
362 1302 490 1361 stuprum
513 1292 643 1343 latenter:
668 1290 742 1359 quod
766 1291 919 1344 verecunde
942 1289 1009 1341 dixit
1027 1291 1146 1358 virgilie

127 1308 215 1480 ζΗιεο
238 1367 332 1409 eurtum
357 1362 451 1412 omnia
473 1362 507 1412 da
532 1359 623 1412 Sileno
654 1375 670 1408 a
692 1360 873 1430 Theopompo
904 1359 934 1408 in
959 1372 992 1408 eo
1016 1358 1091 1408 libro
1116 1374 1146 1426 qn

155 1427 306 1479 hnumosio
319 1429 480 1497 appellatur,
496 1429 649 1498 conscripta
665 1436 735 1479 sunt.
769 1431 829 1507 lpse
846 1426 951 1479 addidit
967 1425 1002 1477 ad
1021 1442 1146 1479 commen

128 1495 290 1562 dationem]
306 1523 341 1533 ·-
376 1500 418 1553 ‘272
436 1499 470 1547 ln
489 1515 636 1548 numerum
654 1498 764 1558 luders,-
782 1514 800 1548 1.
818 1517 856 1561 e.,
877 1495 976 1547 saltare
994 1496 1032 1548 ad
1048 1495 1146 1546 modun

127 1564 252 1636 rhythmi
271 1573 297 1616 et
314 1566 484 1630 cantilenae,
507 1567 560 1635 [vel
578 1566 612 1617 ed
635 1574 741 1617 certam
766 1564 993 1617 modulationem.
1030 1563 1144 1614 Faunos

128 1632 224 1688 Fauni*
232 1633 268 1684 ab
286 1635 415 1685 citatione
432 1636 506 1699 dicti,
524 1635 597 1703 quod
614 1650 693 1685 voces
709 1634 744 1685 de
760 1635 844 1685 sacris
861 1632 1025 1700 reddebant,
1042 1633 1146 1702 quodi]

91 1754 94 1761 ,
127 1703 245 1781 septimo
263 1701 388 1752 Aeneidis
415 1708 447 1770 (v.
466 1705 521 1765 47.)
545 1703 625 1773 plene
649 1703 741 1754 habet.
757 1730 792 1740 ·-
827 1709 870 1759 28.
887 1699 1015 1766 Ludere,-
1040 1703 1058 1752 i.
1076 1722 1100 1753 e.
1116 1702 1146 1752 ill

128 1768 277 1834 cantante]
311 1770 421 1823 Mutare
440 1777 587 1822 cacarninn
596 1795 605 1834 ,·
623 1772 771 1839 [montium
790 1771 831 1822 vel
848 1769 995 1834 arborum]
1016 1771 1095 1838 quasi
1111 1771 1146 1822 bo

126 1854 213 1909 genus
238 1840 387 1890 saltationis
411 1841 467 1890 uult
491 1857 549 1893 csse
574 1841 603 1890 in
628 1841 773 1890 arboribus
798 1839 975 1890 cacuminum
993 1848 1114 1891 motum.
1129 1866 1146 1876 -

127 1914 172 1968 29.
191 1907 345 1959 Parnassia
367 1926 463 1975 rupem
488 1925 567 1960 mons
585 1908 648 1975 [est]
665 1909 822 1960 Thessaliae
840 1909 958 1974 Apollini
982 1916 1146 1960 consecratu

129 2001 163 2017 ·-
199 1984 241 2034 30.
260 1975 393 2044 Rhodope
417 1990 442 2028 ct
459 1978 603 2042 lunarum·
627 1986 735 2028 montes
759 1979 910 2039 Thraciae,
932 1977 962 2026 in
986 1978 1089 2044 quibus
1114 1976 1146 2028 01

129 2044 216 2118 phana
234 2054 410 2101 consneverat
426 2061 534 2099 canere.
568 2047 604 2097 Et
619 2045 672 2096 hoc
690 2046 769 2099 dicit:
786 2047 849 2096 Non
867 2053 975 2095 tantum
992 2047 1039 2096 isti
1055 2053 1146 2097 monta

149 2113 251 2165 audent
266 2121 394 2167 cernente
411 2115 539 2184 Apolline
556 2115 598 2166 vel
615 2114 742 2184 Orpheo,
766 2123 901 2182 quantum
924 2122 1055 2166 cantante
1074 2114 1146 2165 silea

128 2128 245 2238 iactatus
263 2189 303 2234 est
319 2181 446 2234 mundus.
480 2185 606 2251 Namque
629 2185 713 2234 etiem
738 2184 818 2252 paulo
843 2191 905 2250 post
921 2187 954 2248 (v.
972 2184 1026 2242 86.)
1043 2183 1146 2234 dictum

84 2259 92 2273 ‘
130 2258 184 2306 eat:
202 2250 237 2304 Et
255 2252 344 2303 invito
363 2254 562 2318 processiones
582 2271 611 2302 er
626 2252 754 2319 Olympo.
771 2277 805 2289 -
839 2258 882 2309 31.
900 2251 1030 2317 Nomq'uc
1049 2253 1146 2302 coneha

563 2271 662 2372 horum
696 2320 839 2388 opiniones
862 2320 896 2372 de
927 2320 1146 2394 repum‘origim

129 2385 204 2441 Nam
227 2386 385 2453 &dicunt
409 2389 503 2440 omnia
522 2407 553 2441 ex
577 2390 641 2454 igne
665 2390 822 2456 procreari,
846 2389 1079 2456 nt'Anaregoras.
1113 2388 1146 2439 Ali

129 2470 162 2510 ex
184 2454 317 2520 humore,
342 2464 371 2506 ut
396 2457 496 2509 Thales
519 2457 662 2511 Milesius.
687 2458 763 2509 Unde
787 2465 828 2509 est
851 2458 894 2521 (G.
913 2460 945 2523 4,
963 2458 1050 2517 382.);
1078 2458 1146 2508 Ocea

130 2540 251 2590 numque
269 2538 374 2590 patrem
394 2544 494 2577 return.
528 2527 580 2576 Alii
598 2543 629 2576 ex
647 2535 776 2591 quattuor
796 2527 951 2591 clementis,
977 2535 1009 2575 ut
1024 2526 1146 2595 Empedo

130 2592 197 2662 cles:
220 2594 371 2645 secundum
388 2611 472 2661 quem
496 2594 535 2645 ait
551 2596 694 2645 Lucretius
713 2600 758 2660 (l,
774 2597 861 2655 tto-l:
885 2594 926 2643 Ex
952 2597 1057 2661 imbri,
1084 2609 1146 2646 terra

130 2673 212 2728 etqua
231 2664 328 2714 animo
348 2675 505 2715 nuscuntur
530 2677 554 2715 ct
573 2666 647 2730 igue.
680 2665 808 2730 Epicurei
827 2679 905 2727 varo,
929 2678 997 2730 quos
1022 2681 1099 2715 nunc
1122 2680 1146 2716 sa

130 2731 238 2801 quitur,
261 2731 455 2783 nihil-horum
479 2732 676 2799 comprobant:
701 2733 748 2785 sed
772 2732 881 2798 dicunt,
908 2731 962 2782 duo
986 2749 1045 2784 esse
1070 2747 1146 2785 rerun

128 2797 280 2873 principia,
304 2816 403 2868 corpus
428 2809 455 2851 et
471 2801 561 2853 inane.
596 2799 687 2851 Omne
706 2801 781 2852 enim
799 2801 871 2867 quod
888 2807 944 2862 est,
967 2810 1017 2850 aut
1033 2803 1146 2852 contine·

107 2875 180 2929 *aut
201 2868 366 2920 continetur.
407 2870 442 2919 Et
464 2884 562 2939 corpus
585 2869 678 2918 volunt
702 2885 759 2920 esse
785 2878 905 2933 atomos,
936 2869 954 2919 i.
977 2887 1001 2920 e.
1030 2872 1146 2938 quasdaa

88 2937 92 2943 ’
130 2936 328 2990 minutissimas
353 2945 444 3009 partes
469 2954 539 3007 quae
562 2932 664 3006 τομῆν,
689 2937 707 2989 i.
724 2955 748 2988 e.
772 2938 922 2989 sectionem
945 2953 1002 2988 non
1021 2940 1146 3008 recipiunt

105 3052 107 3057 .
130 3002 209 3058 Unde
228 3011 254 3056 et
272 3007 357 3057 atomi
375 3007 462 3057 dictae
490 3013 567 3072 sunt,
591 3022 658 3073 quas
675 3005 819 3058 Lucretius
842 3005 1006 3056 minutiores
1023 3007 1092 3058 dixit
1108 3020 1146 3058 esa

129 3071 183 3126 illis
199 3074 380 3138 corpusculis,
404 3091 473 3142 quae
491 3074 542 3143 [in]
559 3075 653 3127 inlusis
671 3090 722 3143 per
738 3076 890 3125 fenestram
907 3074 991 3124 radiis
1010 3076 1076 3127 solis
1094 3073 1146 3125 vide

131 3156 201 3193 mats.
245 3141 320 3194 Dicit
345 3142 420 3193 enim
441 3143 501 3193 illas
524 3160 577 3194 nec
602 3145 688 3193 visum
713 3151 791 3208 pos'sc
814 3143 948 3213 recipere.
992 3144 1080 3195 Inane
1100 3154 1146 3195 vert

133 3209 257 3263 dicunts
278 3210 364 3261 atium
382 3211 411 3261 in
429 3228 482 3278 qno
501 3221 564 3263 sunt
581 3212 677 3264 atomi.
710 3212 752 3262 De
777 3211 819 3264 his
842 3211 935 3279 itaque
960 3211 1068 3262 dnobus
1092 3211 1146 3282 prin

131 3277 210 3349 cipiis
228 3228 321 3330 voiunt
336 3278 388 3331 ista
406 3287 533 3346 quattuor
551 3280 708 3346 procreari,
725 3280 834 3346 iguem,
852 3285 960 3343 aerem,
978 3296 1096 3347 aquam,
1110 3287 1146 3331 ter

123 3361 208 3415 ⁴ram:
226 3354 255 3398 et
273 3361 304 3395 cx
320 3347 362 3399 his
380 3356 484 3399 cetera:
503 3350 533 3399 ut
549 3350 595 3399 ille
606 3349 659 3399 duo
675 3349 811 3399 elementa
829 3348 925 3416 [atomi
943 3355 970 3415 et
987 3349 1083 3414 inane]
1098 3348 1146 3399 siut:

123 3414 200 3486 ‚haec
229 3430 294 3467 vero
320 3423 449 3484 quattuor
473 3419 613 3485 syritlreta,
643 3417 661 3468 i.
687 3435 710 3469 e.
736 3418 889 3486 composita
921 3432 952 3468 ex
977 3417 1029 3467 illis
1054 3416 1146 3480 duobis

131 3489 273 3555 praestent
305 3484 445 3551 originem
475 3486 533 3537 eliis
566 3485 693 3537 omnibus
725 3486 817 3536 rebus.
860 3487 917 3539 Hac
940 3493 1035 3539 autem
1060 3486 1146 3537 ration

133 3552 313 3631 comprobat,
336 3569 367 3604 ex
386 3554 484 3605 atomis
501 3560 529 3604 et
545 3554 621 3604 inurii
639 3571 696 3609 esse
714 3554 853 3621 originem
870 3569 981 3606 rerum:
1006 3557 1081 3622 quod
1097 3548 1146 3604 nihl

133 3629 175 3682 cst
198 3638 227 3674 m
250 3637 348 3673 rernm
371 3629 483 3686 natura,
508 3623 581 3688 quod
604 3638 660 3673 non
684 3629 711 3673 et
734 3639 832 3691 corpus
856 3623 972 3686 hebeat,
1000 3633 1028 3674 et
1052 3621 1146 3688 recipio

133 3689 301 3752 sectionem,
325 3697 353 3741 et
370 3690 435 3758 qnia
457 3690 557 3761 recipit
578 3692 743 3754 sectionem,
764 3691 868 3741 indicet
885 3691 970 3742 etiam
993 3692 1146 3743 inanitatem

112 3758 116 3769 ’
132 3757 231 3830 [Ergo]
268 3758 316 3807 Uti
334 3775 468 3824 magnum
486 3777 533 3826 per
553 3762 637 3810 ianne
656 3771 751 3811 coacta
770 3763 894 3826 samiam
921 3761 1055 3824 canebat,
1072 3762 1146 3827 inquit

134 3826 233 3880 mundi
248 3826 424 3899 principium,
441 3827 458 3878 i.
473 3845 496 3880 e.
514 3829 748 3893 quemadmodum
762 3827 890 3881 collectae
909 3836 936 3879 et
952 3837 1067 3881 coactae
1085 3839 1146 3880 atero

134 3912 184 3966 per
209 3911 343 4014 mappam
367 3894 448 3950 inane
476 3896 589 3949 fuissent
613 3897 691 3962 origo
723 3896 808 3962 ignis,
839 3898 926 3962 aeris,
956 3905 1112 3963 terrarum,
1137 3915 1146 3949 e

126 3963 249 4015 ‘ureris'
290 3964 461 4018 am'semiua
479 3971 585 4018 atomos
601 3964 676 4016 dicit.
710 3963 834 4017 Dicimus
852 3974 945 4018 autem
963 3965 1031 4016 haec
1051 3982 1146 4019 atomus

134 4041 161 4084 et
178 4032 343 4084 baeotomi.
361 4059 395 4070 -
430 4040 473 4090 32.
492 4032 679 4102 Αηίηιαεᾳιιες
703 4032 721 4083 i.
741 4051 766 4086 c.
782 4033 867 4086 coris:
890 4035 968 4087 Unde
993 4037 1081 4087 etiem
1098 4040 1146 4089 veut
