2430 4620
230 313 268 359 a
290 297 450 369 sinon.
472 297 634 378 cuono.
655 298 690 377 1,
712 302 865 370 sr-ss.
917 381 927 391 ‚
974 260 979 319 ³
1003 308 1066 373 sss

959 390 967 421 l

16 482 81 550 dit]
116 481 228 536 Molles
245 501 300 535 suo
318 496 384 535 suro
401 483 517 548 Sabaei5
540 481 640 536 Sabaei
662 485 758 554 populi
779 493 844 537 sunt
865 485 942 538 buta
957 483 1064 554 Syrium

18 561 47 605 et
64 553 222 605 Arabiam:
245 553 314 605 dicti
331 552 429 606 Sabaei
447 549 501 606 iro·
519 552 569 606 soi
585 557 731 624 σέβεσθαι,
756 555 830 623 quod
854 555 927 622 apud
951 570 999 606 eos
1020 562 1064 606 tus

20 621 165 687 uescina,
190 623 329 693 quodeos
354 623 503 689 placamus:
535 622 637 675 Molles
656 618 750 682 aute‘rn
773 622 837 675 ideo
854 627 908 687 ait,
929 621 973 675 vel
989 623 1063 689 quod

21 689 71 740 sub
95 695 169 742 aere
189 691 373 755 ¹clementiore
389 701 460 743 sunt.
493 691 565 743 Nam
590 701 620 743 ut
636 693 675 744 ait
691 693 835 743 Lucanus:
860 690 1008 759 Quidquid
1025 692 1064 742 od

20 759 96 810 Eoos
115 771 232 810 tractus
251 762 408 828 mundique¹
420 775 538 827 teporem
556 758 692 826 Labitur,
711 763 817 811 emollit
832 773 927 829 gentes
945 761 1062 811 clemen·
1095 778 1098 783 ·

22 831 63 878 sio
89 829 184 892 coeli,·
214 838 263 882 out
286 839 361 885 certe
384 830 449 898 quia
473 829 625 881 Alexander
638 830 765 882 ,Macedo
788 829 888 881 dicitur
912 829 1063 880 obscoenos

20 913 121 950 omnes
134 897 173 948 de
188 897 310 951 exercitu
322 896 371 949 suo
384 907 542 966 segregatos
557 899 612 950 illic
630 899 791 951 condidisse.
824 897 895 951 Sane
914 911 960 948 sus
978 899 1062 948 modo

20 967 80 1017 sine
105 966 281 1031 aspiratione
303 967 433 1034 dicimus:
461 983 527 1018 nam
550 968 657 1035 antiqui
682 967 747 1017 ibus
772 965 901 1019 dicebant
925 962 1062 1018 inieris

24 1022 114 1101 boniti,
140 1035 218 1103 quod
241 1035 392 1102 displicuit:
419 1050 483 1087 tura
508 1037 583 1087 enirn
607 1054 624 1087 a
647 1035 788 1090 tundendo
806 1036 880 1089 dicta
896 1053 955 1088 esse
971 1035 1061 1088 volue-

26 1113 107 1169 runt,
127 1121 146 1155 a
169 1103 259 1172 glebis
282 1106 381 1155 tunsis:
410 1121 475 1155 cum
499 1104 719 1172 quibus‘dicitur
743 1104 832 1156 fluens
857 1105 892 1157 de
914 1104 1062 1156 arboribus

28 1170 191 1225 coalescere.
226 1172 294 1241 [Alii
318 1171 435 1226 Sabaeos
458 1166 562 1224 Arabas
578 1209 585 1224 .
603 1210 635 1225 ..
659 1172 692 1223 cl.
715 1188 783 1222 onos
807 1174 1005 1241 Aegyptiorum
1029 1186 1062 1224 er
1145 1218 1148 1235 ,

30 1243 193 1293 effeminatis
212 1242 339 1292 collectos
357 1242 392 1293 ab
410 1279 516 1294 .....
533 1245 567 1294 de
579 1242 681 1293 Arabia
697 1241 761 1292 illuc
778 1241 922 1305 deductos3
939 1243 982 1292 vel
998 1241 1061 1293 ideo

31 1311 139 1373 molles,
163 1311 239 1378 quod
258 1310 393 1362 l'ernineos
409 1310 496 1362 cultus
512 1320 653 1378 vestesque
670 1308 789 1378 gerunt]
808 1335 839 1347 -
876 1319 919 1369 58.
936 1311 970 1360 At
989 1309 1060 1361 cta-

28 1381 104 1445 lybrr
127 1380 203 1428 nudi
222 1380 352 1446 ferrump
376 1380 547 1448 [subauditur
570 1381 673 1448 ubique
691 1383 813 1453 rrqittunt.
848 1378 997 1448 Chalybes]
1014 1394 1062 1448 po·

25 1449 81 1515 puli
104 1456 186 1511 suut,
216 1449 291 1515 apud
315 1464 382 1516 quos
411 1451 533 1501 nascitur
560 1451 677 1500 serrum.
726 1449 804 1511 Unde
828 1449 938 1500 abusive
961 1449 1062 1500 dicitur

22 1516 153 1584 chalybs.
176 1517 237 1584 ipsa
255 1519 397 1569 materies:
420 1527 452 1568 ut
474 1520 513 1584 (A.
530 1523 563 1581 8,
580 1518 668 1579 446.)ι
697 1516 911 1585 Vulniflousque
937 1517 1061 1585 obolyds.

23 1584 105 1636 Nudi
130 1593 244 1650 autem,
268 1594 316 1637 aut
340 1586 413 1654 apud
435 1602 503 1654 quos
526 1588 638 1638 arbores
662 1586 727 1638 non*
741 1594 819 1638 suntz
843 1595 891 1637 aut
907 1604 970 1639 vere
987 1586 1065 1651 nudi,

22 1663 141 1722 propter
168 1655 237 1705 ferri
260 1655 393 1707 caedendi
414 1655 594 1721 (cudendi2)
617 1656 747 1708 studium.
787 1655 861 1707 Nam
883 1656 909 1708 le
932 1658 1001 1706 'mus
1026 1660 1064 1720 (8,

21 1726 112 1786 425.):
145 1721 320 1791 Brontesque
348 1723 526 1791 Steropesque
556 1736 581 1775 et
612 1726 864 1787 nudos-membro
896 1671 1061 1791 Ρῖνασηιοη.

25 1791 187 1859 Virumque
211 1805 315 1858 pontus
339 1804 482 1854 castorea,·
504 1792 584 1859 fibri,
607 1810 687 1846 canes
710 1800 775 1844 sunt
797 1793 918 1845 Pontici:
941 1808 1062 1861 quorum
1132 1840 1137 1847 ,

20 1867 105 1913 testis
132 1860 193 1930 apti
217 1870 280 1912 sunt
302 1861 545 1922 medicaminih11s3
569 1870 686 1932 propter*
706 1878 774 1930 quos
797 1861 846 1912 ubi
870 1878 900 1913 se
916 1867 1063 1914 senserunt

22 1931 148 1998 requiri,
166 1945 214 1980 eos
230 1939 331 1982 secant.
364 1931 406 1982 De
422 1932 465 1981 his
483 1930 582 1982 Cicero
600 1947 651 1998 pro
668 1931 786 1982 Scauro:
809 1930 964 1982 Redimunt
981 1946 1010 1979 se
1027 1946 1061 1979 eo

20 2012 99 2065 porte
120 2002 251 2066 corporis
268 2005 378 2065 propter
395 2016 479 2066 quam
506 2003 626 2050 maxime
644 2012 818 2067 expetuntun
852 1998 985 2050 iuvenalis
1007 2004 1063 2061 (12,

20 2068 91 2128 34.):
110 2066 173 2134 Qui
192 2086 221 2118 se
239 2072 397 2118 eunuchum
416 2072 474 2135 ipse
486 2067 572 2135 facit,
589 2072 705 2134 cupiens
723 2069 836 2119 evadere
855 2070 957 2118 damno
972 2065 1061 2116 Testi-
1100 2092 1105 2099 ·

24 2139 101 2254 σαψ
129 2145 253 2188 castores
269 2146 363 2199 autem
380 2155 396 2188 a
413 2137 557 2188 castrando
581 2139 647 2189 dicti
662 2146 733 2189 eunt.
772 2137 872 2189 Viroso
897 2146 991 2188 autem
1014 2141 1068 2186 aut

21 2206 64 2257 sor
77 2207 115 2268 ia,
133 2213 185 2257 aut
201 2214 277 2257 certe
293 2215 434 2257 venenata.
469 2207 541 2256 Nam
556 2206 621 2258 licet
637 2207 691 2258 sint
708 2206 803 2257 multis
817 2206 950 2270 remedio,
966 2214 1062 2255 tamen

23 2283 215 2341 praegnantes
231 2291 330 2326 eorum
347 2276 431 2327 odore
445 2275 577 2326 abiiciunt
590 2283 618 2326 et
631 2283 749 2344 egerunt
761 2283 882 2342 partum.
915 2274 952 2324 Et
965 2276 1066 2324 viroso

22 2344 97 2394 dicta
116 2343 155 2394 ab
173 2359 208 2395 eo
225 2344 299 2411 quod
321 2352 361 2396 est
377 2344 457 2395 virus.
492 2342 545 2394 Alii
562 2343 658 2412 fortio
682 2343 836 2419 accipiunt,
858 2363 876 2396 a
900 2342 1011 2395 viribus.
1028 2366 1062 2378 -

22 2418 65 2471 59.
83 2412 222 2464 Eliadum
240 2414 350 2479 palmas
367 2413 469 2480 Epiros
488 2430 638 2478 equarumq
661 2414 877 2484 hypallage'est:
901 2428 968 2463 nam
991 2412 1062 2462 hoco

24 2481 106 2532 dicit:
134 2481 237 2548 Epiros
261 2492 339 2532 creat
361 2498 445 2549 equas
469 2482 601 2561 optimas,
631 2499 702 2550 quae
726 2481 800 2551 apud
822 2481 932 2532 Elidem
956 2481 1062 2548 palmes

25 2557 174 2601 merentur
206 2550 235 2601 in
266 2551 335 2600 Iovis
359 2550 497 2619 olympici
527 2551 628 2601 curuli·
648 2551 810 2604 certamine.
857 2548 928 2603 Sane
958 2550 1061 2614 Epiros

25 2619 136 2671 Graece
155 2621 310 2687 profertur:
332 2621 404 2671 unde
422 2623 507 2671 etiam
526 2636 538 2669 e
556 2619 641 2671 habet
663 2628 817 2672 noeentum.
850 2619 923 2670 Nam
947 2618 1063 2668 siLati·

24 2704 93 2738 num
111 2695 201 2748 esset,
218 2687 338 2754 Epirus,
355 2688 481 2755 [Epiri,]
504 2688 537 2739 Pi
553 2688 670 2741 haberet
687 2685 871 2756 [accentum],
884 2687 962 2755 quia
977 2686 1062 2752 longa

25 2766 72 2806 est,
106 2756 169 2806 Nec
186 2757 297 2808 mireris
314 2774 397 2824 equas
414 2774 534 2809 currere.
568 2758 656 2822 Nam,
679 2766 711 2808 ut
727 2757 794 2807 dicit
810 2756 913 2809 Plinius
932 2761 976 2822 (8,
992 2755 1064 2815 42.):

30 2825 191 2875 Veiooiores
209 2839 276 2876 sunt
301 2827 378 2890 ideo,
401 2828 475 2892 quod
501 2829 532 2877 in
557 2843 642 2877 eursu
670 2829 785 2876 urinam
804 2825 981 2895 fociunu-
1017 2827 1064 2880 60.

26 2893 173 2945 Continuo
197 2894 249 2945 bos
274 2896 364 2961 irges‚·
391 2896 492 2962 iugiter
517 2895 564 2962 (iu
581 2896 770 2958 continuum),
792 2894 822 2944 in
845 2901 1004 2954 oeternum,
1028 2889 1065 2941 ad

26 2960 208 3033 perpetuum:
225 2965 295 3014 sirnt
311 2964 598 3032 sequentialindirant.
633 2965 707 3014 Nam
720 2964 842 3015 dicturus
859 2969 911 3013 est·
930 2963 1064 3011 Aeternu-

25 3050 79 3100 que
96 3030 213 3084 foedera
229 3033 335 3083 mundi.
352 3059 384 3069 -
419 3039 462 3090 62.
482 3033 643 3084 Deucalion
650 3057 660 3095 ,·
684 3034 741 3084 iam
758 3032 856 3083 transit
872 3031 908 3082 ad
924 3029 1062 3081 fabulam:

27 3111 54 3152 et
71 3101 183 3170 poiitice
194 3100 278 3152 dicit:
302 3103 356 3151 Ista
373 3110 433 3152 turn
453 3103 575 3167 primum
593 3109 709 3165 statuta,
727 3118 797 3169 quae
815 3099 850 3152 ab
867 3099 947 3151 initio
965 3097 1063 3150 mundi

24 3178 135 3222 constat
151 3172 241 3222 fuisse.
258 3199 293 3208 ·-
327 3179 370 3228 63.
391 3171 467 3221 Unde
486 3171 613 3223 homines
632 3173 694 3220 noti
712 3172 816 3222 durum
834 3186 939 3237 genus;
958 3183 1064 3236 expres·
1103 3221 1106 3225 ,

53 3337 90 3388 ὖὸ)
121 3341 149 3380 G·
163 3330 262 3390 cbilybr·
282 3354 328 3390 gens
349 3340 369 3377 in
387 3342 465 3385 Ponto,
484 3341 587 3379 inventrix
607 3339 667 3386 ferri,
687 3339 736 3379 dieti
756 3339 882 3390 rmlybeo,
902 3339 997 3378 Euboeae
1012 3336 1064 3381 vito.

112 3398 161 3447 quis
181 3397 214 3434 hic
229 3398 299 3435 Coloni
320 3405 372 3435 sunt.
400 3398 478 3437 Deinde
497 3398 563 3436 idum:
584 3401 675 3437 Castores
696 3399 789 3436 dicuntur
803 3397 908 3436 silvane·
923 3409 993 3440 onnes,
1014 3407 1063 3445 quoe
1082 3423 1084 3429 Α

111 3455 188 3493 Latino
208 3454 280 3491 Fibrns
305 3455 363 3502 (cod.
383 3456 409 3492 L.
430 3455 512 3502 Fribrr')
534 3455 609 3492 dicuni.
648 3455 719 3499 Virus,
746 3455 800 3504 quod
825 3453 845 3490 iu
867 3453 964 3491 testiculis
982 3451 1064 3494 hubent,

112 3519 184 3560 aptum
200 3511 293 3554 medicis,
318 3514 434 3551 castorium
449 3513 573 3561 appellaturi
593 3512 632 3549 hoo
651 3512 728 3549 adeunt
740 3510 812 3560 (aiunt)
827 3522 872 3548 cum
886 3510 950 3549 sciant
963 3520 1023 3560 quarn
1038 3507 1063 3544 ob

110 3581 195 3606 oausam
209 3565 220 3587 *
236 3568 288 3604 ultro
303 3582 337 3605 eoa
353 3568 390 3605 sibi
404 3569 493 3605 demere.
523 3570 585 3616 Quod
598 3569 628 3606 eit
642 3575 662 3605 ot
677 3569 717 3606 Cic.
731 3582 767 3618 pro
783 3570 825 3611 So,
840 3580 886 3605 cum
900 3578 959 3617 quam
974 3566 998 3602 ob
1014 3575 1064 3600 ono·

111 3638 156 3663 eam
171 3625 192 3661 in
206 3625 295 3672 periculo
309 3625 408 3662 redirnaut
423 3639 443 3662 ac
458 3640 468 3663 r
485 3634 547 3663 morie
563 3640 586 3663 ca
600 3630 656 3676 parte
677 3625 777 3675 corporis,
797 3631 952 3675 propterquam
967 3624 1065 3669 expetunt

110 3683 184 3720 avulsa
199 3689 220 3717 ct
234 3681 309 3718 relicta.
329 3683 406 3719 *Gurlfi
420 3683 435 3718 l.
450 3682 474 3718 ΙΙ.
494 3685 517 3719 il.
533 3685 556 3719 11·
571 3685 596 3720 R.
613 3685 636 3720 V.
651 3683 698 3719 vor.
713 3690 800 3720 testones
822 3695 858 3730 pro
873 3688 938 3719 testes.
953 3700 979 3710 -·
1006 3679 1065 3716 For·
1112 3688 1115 3693 ’

110 3742 143 3776 tr'a
156 3739 240 3774 salutas.
256 3738 344 3788 explicat
355 3741 420 3789 gravi
432 3739 501 3777 odore.
530 3738 583 3777 Dein
598 3739 665 3776 Guell'.
680 3740 695 3775 I.
709 3748 729 3778 et
743 3746 830 3790 egerunt
841 3744 915 3787 portua
930 3747 984 3774 euos.

56 3819 89 3866 ab]
119 3820 147 3857 G.
166 3820 209 3856 lov.
229 3817 263 3856 01.
282 3804 358 3856 eursu..
382 3820 426 3858 Elis
446 3827 513 3858 «utrm
533 3822 580 3858 urbs
601 3827 631 3856 esi
650 3820 794 3870 Peloponnesi,
821 3833 831 3855 r
853 3819 937 3857 Tolosae
957 3814 998 3853 filio
1017 3813 1064 3851 Ele.

110 3877 186 3925 Epiros
207 3883 274 3912 auom
296 3874 316 3912 iu
331 3879 414 3925 Europa
436 3885 472 3914 est.
502 3879 523 3915 lu
538 3877 597 3915 Penii
619 3879 662 3915 loco
682 3884 729 3928 pest
747 3880 797 3915 euni
810 3879 878 3914 Burin.
898 3874 944 3912 add.
967 3870 1064 3909 moute

109 3934 166 3983 quod
181 3933 245 3968 omitt.
259 3934 282 3968 B.
297 3934 322 3969 L.
335 3935 362 3970 fl.
377 3936 424 3971 Vm.
439 3935 537 3972 Garis-1.
551 3936 574 3971 11.
590 3934 658 3984 oleph.
673 3935 726 3972 nan.
741 3935 767 3972 el.

53 4010 88 4060 ⁸3,
119 4015 146 4049 G.
162 4016 252 4106 bDurum
265 4027 346 4065 μω,-
367 4015 421 4064 qaod
435 4026 461 4053 ou
480 4013 580 4065 lapidibus
595 4021 684 4061 constat,
702 4013 760 4054 iuxta
777 4014 880 4053 historie·
894 4007 1022 4056 Deuotlielis
1037 4012 1064 4051 ‘is

110 4073 162 4108 Pur
177 4083 207 4107 ae.
