2430 4620
332 292 367 369 ru
392 264 571 332 VIRGILII
591 269 829 333 GEORGICA.

241 1162 425 1276 *unum
454 1195 609 1283 sunm
634 1198 888 1298 nouorum

420 1449 422 1452 ,
458 1390 695 1471 crimmum

19 1556 22 1561 ’
69 1599 140 1685 m
199 1562 593 1716 ‚vruo'rmr-
633 1538 1090 1681 eucnemon

432 1853 625 1945 mnu.
684 1857 715 1944 1.
876 1792 878 1799 Ι

479 2127 663 2136 ...nana-aua·-

65 2311 218 2450 Virgilius
234 2378 264 2429 in
282 2375 412 2447 operibus
428 2375 482 2429 suis
498 2373 619 2426 diversos
635 2379 742 2425 secutus
759 2381 800 2426 est
815 2377 923 2444 politas:
938 2376 1092 2432 Homerum
1110 2374 1114 2402 ¹

10 2482 30 2495 ,ι
61 2453 86 2504 in
109 2449 245 2503 Aeneide:
274 2462 373 2525 quem,
401 2445 467 2496 licet
489 2443 571 2510 longo
595 2442 755 2507 intervallo,
782 2453 890 2495 secutus
914 2454 955 2498 est
981 2455 1092 2511 tamem

61 2519 240 2574 Theocritum
263 2515 293 2566 iu
311 2514 459 2578 Bucolicis,
483 2530 500 2564 e
517 2527 571 2580 quo
589 2526 646 2561 non
670 2510 753 2578 longe
772 2512 863 2574 abest3
887 2515 1037 2568 Hesiodum
1061 2518 1092 2569 in

60 2589 98 2640 his
120 2585 200 2639 libris
218 2582 389 2653 (quattuor),
412 2598 495 2650 quem
517 2579 625 2647 penitus
648 2579 767 2648 reliquit.
806 2582 858 2631 Hic
881 2592 975 2635 autem
997 2587 1092 2636 Hesio·

59 2660 106 2710 lus
123 2656 179 2708 fuit
195 2651 232 2706 de'
246 2655 329 2703 Ascra
347 2651 455 2707 civitate
472 2648 575 2714 (Gueli.
590 2649 611 2699 1.
628 2649 660 2701 11.
678 2650 711 2700 al.
730 2650 850 2713 insula),
867 2652 914 2719 qui
931 2652 1046 2724 scripsitk
1056 2653 1092 2705 nd

57 2729 174 2778 fratrem
199 2737 281 2772 suum
299 2721 400 2772 Persen
423 2719 527 2770 librum
552 2733 637 2786 quem
661 2717 806 2788 appellavit
827 2718 895 2787 ἔργα
917 2727 962 2773 καὶ
979 2717 1091 2790 ἡμέρας,

57 2795 74 2845 i.
92 2814 117 2846 e.
141 2808 234 2862 opere
250 2800 278 2843 et
300 2789 366 2847 dies.
407 2788 459 2839 Hic
482 2795 577 2839 autem
598 2787 668 2838 liber
693 2786 832 2849 continet,
875 2791 1092 2841 uemadmodum
1169 2842 1173 2849 ,

56 2863 133 2930 agri,
149 2869 178 2912 et
196 2857 295 2928 quibus
312 2857 484 2926 temporibus
501 2857 556 2906 sint
572 2855 695 2907 colendi:
719 2855 796 2906 cuius
813 2805 925 2908 titiium
940 2854 1093 2912 transferre

55 2930 160 2993 noluit,
176 2922 247 2979 sicut
261 2927 456 2977 Bucolicorum
472 2925 626 2976 transtulit:
650 2924 720 2975 sicut
735 2925 876 2999 Heneiden
894 2927 1040 2994 appellavit
1056 2927 1093 2980 ad

56 2999 243 3051 imitationem
262 2995 411 3063 Odysseae:
434 3002 529 3046 temen
554 3009 617 3045 eum
636 3009 686 3059 per
702 2993 875 3065 periphrasin
893 2997 984 3065 primo
1003 2996 1092 3062 expri·

55 3069 108 3119 mit
132 3080 214 3118 versu
240 3063 347 3115 dicens:
370 3062 517 3128 Indicabo,
541 3079 596 3131 quo
621 3077 722 3128 opere,
747 3071 775 3114 et
799 3063 898 3130 quibus
921 3064 1093 3134 temporibus

56 3153 124 3206 eger
144 3132 274 3185 colendus
290 3133 346 3192 sit„
366 3131 474 3200 ingenti
491 3140 585 3184 autem
608 3131 666 3198 egit
683 3138 758 3194 arte,
781 3139 813 3181 ut
835 3133 989 3199 potentium
1013 3132 1094 3184 nobis
1156 3177 1159 3181 .

55 3208 95 3256 sui
111 3202 252 3268 indicaret
268 3200 390 3269 ingenii,
413 3200 668 3262 concrementa,
691 3208 719 3251 et
742 3200 923 3268 angust[ior]a
946 3201 1093 3254 dilatando.

55 3275 130 3324 Nam
146 3287 214 3323 cum
230 3269 346 3321 Homeri
372 3277 400 3321 et
416 3269 559 3322 Theocriti
583 3268 612 3318 in
636 3268 801 3321 brevitatem
817 3269 918 3338 scripta
935 3271 1092 3337 collegerit:

57 3359 146 3394 unum
157 3337 273 3393 Hesiodi
284 3337 388 3389 librum
402 3337 491 3389 divisit
506 3338 536 3389 in
554 3344 698 3404 qiiattucr;
717 3338 790 3404 quod
807 3338 914 3390 ratione
931 3355 987 3390 non
1006 3346 1091 3391 curet.

56 3411 130 3462 Nom
149 3407 239 3458 omnis
255 3414 347 3471 terre,
372 3414 403 3456 ut
419 3407 504 3458 etiam
521 3409 609 3456 Varro
627 3405 720 3465 docet,
738 3406 936 3473 quadrifariam
954 3407 1091 3459 dividitur.

55 3482 108 3530 Aut
134 3478 212 3530 enim
237 3491 316 3526 arvus
339 3483 379 3527 est
404 3491 487 3542 eger,
509 3475 527 3526 i.
545 3492 568 3526 e
594 3474 746 3525 sationalis:
769 3482 818 3524 eut
841 3475 1000 3539 consitivus‚
1024 3477 1042 3527 i.
1069 3493 1093 3526 e.

54 3557 135 3617 aptus
160 3543 320 3597 arboribus:
345 3552 393 3597 eut
416 3560 547 3612 pascuus,
569 3547 617 3610 qui
640 3543 735 3594 herbis
757 3551 867 3594 tontum
885 3551 912 3595 et
929 3543 1094 3595 animalibus

56 3623 148 3668 vacat:
165 3621 215 3665 aut
230 3611 354 3678 floridus,
362 3613 398 3665 »in
417 3626 472 3679 quo
489 3620 552 3663 sunt
568 3612 643 3662 horti
661 3611 757 3680 apibus
771 3620 955 3678 congruentes
973 3620 1001 3664 et
1017 3611 1094 3661 flori·

56 3684 114 3735 bus.
149 3683 227 3733 Male
251 3688 346 3733 sutem
363 3681 476 3750 quidem
494 3680 697 3748 Georgicorum
722 3681 789 3730 duos
812 3689 923 3730 tantum
940 3697 997 3732 esse
1022 3697 1093 3732 asse·

55 3760 121 3803 runt
145 3752 247 3802 libros:
279 3749 401 3803 dicentes
425 3750 594 3816 Georgicum
618 3766 691 3812 esse,
723 3745 769 3818 γῆς
794 3747 887 3817 ἔργον,
913 3749 931 3799 i.
955 3767 978 3798 e.
1001 3756 1094 3800 terrae

58 3836 191 3887 operam:
218 3818 407 3889 quamprimi
425 3819 479 3870 duo
497 3820 640 3869 continent
656 3817 733 3868 libri:
757 3821 909 3872 nescientes
932 3816 1047 3867 tertium
1066 3824 1094 3866 et

56 3899 197 3957 quartum,
213 3887 278 3939 licet
290 3888 458 3954 Georgicum
471 3904 527 3937 non
542 3886 672 3950 habeant,
688 3893 784 3938 tamen
803 3888 838 3938 ad
847 3886 994 3941 utilitatem
1013 3885 1094 3934 rusti·

57 3974 119 4008 cam
136 3957 289 4029 pertinere.
323 3955 396 4007 Nam
414 3965 442 4008 et
457 3970 564 4025 pecore
577 3963 604 4007 et
621 3971 685 4024 apes
701 3956 813 4018 habere,
830 3954 911 4006 studii
925 3960 966 4003 est
982 3953 1094 4002 rustici:

55 4026 117 4080 licet
133 4024 271 4098 possimus
289 4025 486 4093 agriculturam
503 4023 589 4078 etiam
612 4023 643 4076 in
666 4022 709 4075 his
726 4023 832 4079 duobus
850 4021 1027 4091 sequentibus
1052 4021 1094 4072 in·
