2430 4620
242 311 276 353 m
300 276 459 352 VlllGll..
482 287 644 351 GEORG.
667 289 701 364 1,
723 244 924 358 tao-237.
1037 294 1102 358 207

64 484 215 544 tempora:
241 482 270 529 et
286 477 411 544 Vernnm
433 472 579 543 [seilicet,]
603 489 658 542 quo
675 473 804 542 legumen
821 472 938 526 seritur:
962 479 991 526 at
1006 473 1105 525 Austu-

20 572 26 579 ·
60 546 167 608 mnalc,
186 559 241 613 quo
259 545 438 595 frumentum.
474 545 510 594 Et
522 543 602 594 multi
615 543 718 609 volunt,
733 543 771 595 ita
784 542 856 593 bane
869 550 980 610 partem
992 541 1106 595 asuelo·

62 616 128 683 gine
146 613 264 665 librasse
283 612 445 681 Virgilium,
468 620 499 661 ut
520 612 549 664 in
567 611 695 662 omnibus
713 620 861 679 utrumque
877 608 988 681 templus
1004 608 1105 680 signifi·

61 689 156 747 caret,
179 681 290 733 vernale
304 690 336 733 et
353 680 535 732 auctumnale.
570 680 647 731 Unde
671 686 699 730 et
715 696 798 749 supra
823 679 888 749 bina
904 679 983 747 signa
999 694 1106 732 memo·

62 753 148 804 ravit:
176 750 301 800 Taurum
319 766 385 801 cum
403 750 492 800 Cane:
515 748 666 800 Atlantides
683 764 748 799 cum
765 750 884 800 Corona.
921 749 1029 800 Tamen
1046 762 1105 812 noa,

60 827 201 889 quantum
220 816 256 870 ad
272 818 465 871 necessitatem
481 816 585 885 [buius]
601 817 654 867 luci
671 818 806 886 pertinet,
829 817 900 868 baec
917 817 1014 869 dixisse
1031 815 1104 867 stiffi·

59 890 131 941 oiat:
171 904 239 939 nam
262 887 377 940 maioris
399 887 561 954 prudentiae
586 894 642 949 est,
671 886 706 936 ad
730 885 858 937 subtilem
882 885 984 937 barum
1007 899 1105 937 rerum

60 956 211 1009 seientiam
230 955 390 1023 pervenire:
413 954 481 1006 adeo
506 963 536 1004 ut
552 962 715 1023 sequentem
740 955 878 1005 rationem
895 970 1027 1006 zonarum
1044 950 1104 1002 Me-

60 1027 194 1078 trodorus
216 1024 394 1094 philosophus
411 1023 452 1073 vu
469 1023 592 1091 quinque
616 1023 780 1091 expresserit
803 1023 896 1087 libris,
917 1023 1028 1075 insertis
1043 1030 1104 1073 tam

64 1095 260 1145 astronomiae
278 1109 362 1161 qnam
380 1091 575 1143 Geometricae
592 1092 730 1162 partibus,
744 1092 812 1142 'aina
829 1093 906 1142 cuius
929 1091 1010 1143 lineis
1028 1089 1104 1142 haud
1163 1097 1170 1110 '¹

64 1162 148 1214 facile
171 1178 306 1219 zonarum
333 1162 366 1213 de
385 1160 549 1212 rehenditur
578 1161 659 1210 ratio.
709 1160 784 1211 ldern
815 1159 903 1213 etiam
926 1159 1104 1221 Metrodorus

64 1231 176 1296 asserit,
206 1233 307 1282 frastra
333 1180 439 1299 culpari
467 1245 484 1280 a
514 1228 651 1298 plerisque
675 1227 837 1296 Virgilium,
866 1230 944 1297 quasi
972 1229 1104 1294 ignarum

63 1298 248 1368 astrologiae:
273 1315 337 1349 cum
356 1315 420 1350 eum
437 1304 544 1348 constet
567 1296 658 1366 operis
680 1297 742 1362 lege
760 1297 948 1365 compulsum,
972 1307 1002 1348 ut
1019 1313 1103 1366 quaa·

62 1370 131 1420 dam
147 1375 324 1438 excerperet,
347 1384 419 1436 quae
436 1365 553 1418 obscura
569 1366 695 1416 videntur
711 1366 789 1430 ideo,
807 1368 871 1433 quia
889 1384 904 1418 a
921 1367 1040 1419 naturali
1059 1380 1103 1417 or·

61 1438 129 1488 dine
146 1445 212 1488 sunt
235 1444 353 1488 remota.
388 1436 424 1486 Ut
447 1443 540 1487 autem
564 1435 689 1486 universa
713 1449 770 1485 non
794 1433 913 1502 diceret,
935 1435 1102 1488 rusticarum

59 1520 248 1579 personarum
265 1504 362 1556 babuit
379 1504 640 1565 considerationem,
658 1510 685 1555 et
702 1503 785 1573 ipsius
803 1505 952 1571 operisest
968 1503 1102 1559 brevitate

60 1572 255 1625 enuntiatus*
270 1575 322 1642 [Ad
341 1574 448 1625 medias
464 1575 603 1641 pruinam
627 1572 680 1622 hoc
698 1580 739 1623 est
756 1573 829 1638 quod
846 1588 928 1642 supra
946 1574 1030 1640 (211.)
1048 1574 1101 1625 ait:
1131 1628 1136 1639 ι

61 1659 152 1710 usque
179 1643 229 1693 sub
257 1654 409 1693 extremum
434 1643 557 1692 brumae.
606 1639 713 1692 Medias
738 1648 831 1692 alitem
855 1643 966 1710 pruinas
991 1643 1103 1695 abnuite

60 1712 68 1763 i
91 1727 134 1762 sas
151 1710 261 1762 biemes
278 1711 382 1778 posuit,
403 1712 527 1762 medium
551 1709 627 1761 enim
651 1724 701 1776 pro
725 1708 850 1776 legitimo
867 1710 952 1775 dixit]
970 1736 1003 1748 -
1038 1717 1102 1768 231.

60 1728 236 1830 dimensum
254 1781 384 1847 partibus
398 1781 488 1833 orbem
497 1801 507 1842 ,-
524 1794 627 1831 annum
642 1777 757 1828 divisum
774 1777 803 1827 in
821 1785 951 1844 quattuor
966 1787 1103 1849 tempora·

62 1848 108 1914 (R.
124 1848 201 1899 add:
217 1848 361 1912 Brumalis,
380 1847 519 1899 Australis.
552 1846 644 1898 Zonae
659 1846 700 1896 Vl.
713 1845 730 1896 i.
744 1864 767 1897 e.
780 1844 1024 1912 septemtrionalis,
1045 1848 1102 1900 Sol·
1190 1862 1199 1876 “

24 1980 27 1985 ¹
59 1916 423 1985 stitialis,Aequinoctialis.)
458 1916 494 1966 Et
506 1933 555 1984 per
571 1902 717 1966 duodecim
731 1915 817 1982 signa,
831 1915 978 1968 duodecim
993 1932 1101 1969 menses

60 1986 222 2052 accipimus.
236 2012 268 2022 -
303 1992 365 2041 232.
382 1985 446 2052 [l'er
463 1985 608 2043 duodena,
626 1983 705 2033 multi
723 1999 773 2052 pro
792 1985 938 2034 duodecim
953 1987 1101 2054 accipiunt,

60 2062 91 2105 ut
106 2058 164 2118 ((2,
180 2055 263 2114 165.)τ
280 2054 347 2105 bina
363 2061 513 2104 monneto.
532 2060 560 2104 et
575 2051 670 2118 (329.):
688 2065 853 2121 septenaque
870 2054 934 2105 tela.
969 2054 1020 2106 Alii
1035 2054 1101 2123 quia

63 2122 215 2191 quotannis
231 2139 282 2190 per
300 2121 399 2174 eadem
421 2123 497 2173 ineat
513 2121 617 2186 (Burin.
637 2123 730 2184 raeco:
755 2120 881 2173 duodena
900 2137 968 2191 ergo
993 2123 1100 2192 saepius

62 2189 214 2242 duodecim
231 2192 316 2256 signe.
334 2192 348 2222 *
363 2217 397 2227 -
432 2198 495 2248 2330
511 2189 628 2250 nonan
651 2190 669 2240 i.
689 2207 712 2242 e.
730 2190 827 2259 plagae
845 2190 886 2242 vel
903 2191 1014 2255 circini,
1031 2207 1100 2269 quo·

60 2276 128 2310 rum
145 2259 252 2330 primus
269 2258 507 2330 septentrionalis,
532 2259 587 2322 vel,
614 2267 644 2308 ut
668 2260 780 2326 quidam
805 2259 914 2326 volunt,¹
933 2261 1101 2328 Aquilonius.

61 2327 175 2389 zonae,
198 2327 317 2390 Circuli,
346 2329 393 2395 qui
417 2329 526 2379 coelum
549 2344 583 2379 ac
606 2334 724 2393 terram,
754 2328 836 2383 veluti
860 2327 952 2380 Zonae
976 2331 1099 2400 cingunt.

60 2395 250 2461 Translative,
267 2412 334 2448 nam
351 2396 573 2467 proprie'Zonae
590 2395 619 2446 in
637 2397 728 2459 terris,
745 2398 793 2449 sed
811 2412 863 2466 pro
881 2396 1026 2466 parallelis,
1042 2401 1060 2451 i.
1075 2416 1099 2451 e.

60 2464 175 2516 circulis
198 2466 303 2536 pontit..
337 2464 573 2534 septentrionalis,
604 2465 756 2529 Aestivalis,
779 2466 1006 2534 Aequinoctinlis,
1029 2467 1098 2518 Bru·

61 2533 159 2598 malis,
182 2533 374 2584 neutralis-
409 2540 470 2591 234.
489 2534 611 2584 Corusoo
630 2533 739 2601 Semper
757 2536 815 2585 sole
840 2537 960 2599 rubens,
986 2549 1100 2589 corusco

61 2600 188 2667 ardenti,
211 2601 265 2652 hoo
283 2610 324 2654 est
340 2603 549 2673 aequinoctiali,
573 2610 601 2653 et
617 2601 688 2654 bene
706 2622 721 2654 a
740 2604 832 2655 media
849 2605 941 2668 coepit
960 2611 990 2654 ut
1006 2620 1099 2656 ueces-

59 2671 135 2721 sario
154 2677 291 2721 extremas
309 2680 337 2722 et
361 2671 523 2723 habitabiles
541 2686 681 2722 concessas
699 2671 861 2735 mortalibus
880 2673 991 2724 diceret.
1028 2672 1097 2723 Tor·
1124 2698 1130 2713 ·

63 2741 146 2801 ridem-
173 2755 300 2800 accensu
317 2741 403 2799 sicca;
422 2740 495 2807 quod
511 2741 718 2806 numquamso'l
735 2740 999 2805 indediscedat.]—
1032 2747 1096 2799 235.

62 2807 160 2873 Quam
179 2810 284 2858 circum
304 2822 439 2859 extremae
447 2832 456 2872 ,·
480 2809 551 2859 bene
569 2821 705 2858 extremae
723 2808 840 2869 addidit,
863 2810 897 2876 [i.
915 2828 938 2860 e.
955 2809 1052 2861 Borios
1070 2817 1099 2861 et

60 2875 193 2941 Notios,]
217 2895 252 2928 ne
275 2893 336 2941 eas,
357 2892 427 2945 quac
444 2877 517 2929 eirca
541 2877 653 2943 igneam
677 2887 753 2941 sunt,
776 2876 1007 2945 intelligeremus,
1030 2894 1098 2947 quas

61 2952 172 2996 constat
195 2962 253 2998 esse
277 2952 443 3016 temperatas
465 2946 603 2997 vicinitate
626 2947 724 2996 caloris
750 2954 778 2997 et
806 2945 925 3009 frigoris.
972 2944 1098 3013 Quarum

60 3027 151 3065 unam
169 3029 218 3064 nos
236 3014 410 3078 habitamus,
432 3015 547 3066 alteram
566 3015 720 3083 antipodes:
746 3014 779 3065 ad
798 3030 865 3081 quos
888 3015 954 3066 hinc
970 3023 1097 3068 torrenta

62 3081 155 3145 Zona,
177 3082 242 3133 hinc
266 3084 374 3151 frigidis
391 3084 433 3134 ire
459 3082 651 3151 prohibemur.
684 3083 833 3150 Antipodes
849 3092 941 3134 autem
960 3083 1097 3148 dicuntur,

14 3188 19 3204 ,
81 3149 137 3200 uod
163 3159 260 3202 centra
282 3168 332 3202 asos
356 3152 436 3218 positi
461 3159 524 3202 sunt
548 3151 693 3204 contrariis
717 3149 843 3220 vestigiis.
877 3151 995 3203 Terram
1021 3154 1097 3204 enim

60 3168 159 3270 dicunt
184 3218 304 3287 undique
328 3220 405 3271 coelo
424 3227 451 3271 et
467 3225 531 3271 ae're
548 3220 629 3287 cingi.
666 3221 718 3272 Per
743 3222 791 3271 has
814 3230 907 3272 autem
926 3222 991 3271 duas
1010 3219 1098 3272 Zonas

58 3287 89 3339 in
110 3287 264 3355 obliquum·
273 3289 394 3341 tenditur
411 3289 526 3356 signifer
544 3289 675 3352 circulus,
692 3289 739 3355 qui
756 3289 819 3340 solis
837 3290 960 3341 eontinet
977 3304 1097 3341 cursum.

57 3355 139 3408 Unde
159 3355 243 3424 etiam
261 3355 305 3422 fit,
328 3365 359 3407 ut
375 3357 445 3407 duae
464 3357 555 3409 Zonao
578 3358 771 3424 frigidissimae
788 3359 855 3421 sint,
880 3359 914 3410 ad
932 3374 999 3425 quas
1017 3373 1097 3410 num·

59 3441 149 3492 quam
168 3425 286 3477 accedit:
302 3422 357 3477 una
374 3427 495 3490 fervens,
512 3444 528 3477 a
546 3443 599 3493 qua
617 3443 705 3493 paene
723 3443 875 3494 numquam
892 3427 1010 3479 recedit:
1027 3427 1098 3479 dirae

58 3501 251 3562 temperatae,
275 3494 309 3546 ad
327 3510 393 3563 quas
410 3494 526 3544 vicissim
545 3494 624 3546 venit.
660 3494 855 3562 [Trahunsum
880 3511 929 3566 pro
948 3496 1097 3547 extendun-

57 3570 121 3624 tur,
140 3571 188 3615 aut
204 3561 263 3614 sina
279 3562 480 3615 intermissione
498 3570 650 3615 vertuntur.
668 3594 701 3605 -
735 3571 797 3622 236.
817 3564 967 3628 carralem
991 3565 1096 3630 frigore

57 3631 180 3698 scilicet,
197 3632 262 3700 quin
278 3631 337 3699 ipse
354 3632 429 3683 color
447 3631 575 3685 convenit
591 3631 698 3700 frigori.
716 3659 751 3670 —
785 3641 849 3691 237.
866 3632 949 3682 Duae
967 3631 1095 3683 mortali-

85 3821 140 3872 234)
169 3827 268 3872 corucem
285 3824 351 3862 Guall.
365 3826 380 3864 1.
395 3824 480 3874 circuli,
495 3840 543 3880 quas
559 3827 619 3868 Greci
632 3831 740 3881 parallelos
754 3835 840 3875 vocant,
860 3817 944 3880 quaram
957 3841 998 3868 uns
1012 3841 1095 3869 seruam

145 3882 290 3932 equinocialtm
305 3882 359 3920 dicia

84 3959 138 4010 235)
166 3963 215 4020 l’eat
229 3974 249 3999 v.
264 3964 319 4001 venit
340 3962 407 4002 Guels.
421 3963 436 4000 1.
458 3963 517 4002 add:
536 3963 573 4004 baa
592 3964 645 4006 inter
664 3959 737 4010 media*
750 3965 842 4016 (medias)
862 3978 900 4017 qna
920 3965 959 4005 dua
979 3943 1096 4005 mortalibus

144 4020 202 4067 egris.
230 4018 293 4057 sativa
308 4025 329 4056 et
347 4019 449 4059 brumalis.
479 4020 570 4072 obliquus
590 4019 611 4075 q*
624 4024 680 4078 (quo)
700 4039 721 4066 aa
742 4024 842 4076 signorum
856 4023 1018 4071 virtuosum,
1034 4022 1095 4077 quis

140 4076 204 4128 masia
217 4077 323 4149 aedisque,
337 4089 350 4119 a
363 4076 421 4117 nebia
436 4076 517 4129 signitas
530 4078 609 4127 dieitur.
