2452 4626
537 40 542 73 l

131 251 157 303 ‘⁸
183 321 219 378 rs
242 289 400 365 naen.
421 286 582 393 saona.
604 306 644 376 a,
665 259 851 407 maffia.
872 308 948 373 an.
1016 311 1083 378 sos

38 487 176 567 Ipunem,
197 487 345 556 deceptam
361 487 497 568 candore,
510 481 641 567 'deterius
663 484 922 568 pecusnabdtutisse,
938 464 978 539 “ui
995 480 1083 561 posta*

24 555 1079 695 1saisiri.assidualumnatus.uminis:

38 696 117 748 sium
143 701 184 744 est
206 693 347 764 oppidum.
366 724 397 734 -
432 699 502 751 451.
524 688 612 762 Scylla
635 693 712 746 bulbi
735 709 835 764 genus,
858 694 933 748 unde
957 696 1080 752 inlicitur
1117 757 1119 763 ,

39 772 172 826 acetum,
198 761 272 831 quod
288 761 410 830 Scyllite‘s
426 762 534 827 dicitur.
568 759 748 814 Helleb'orum
770 779 858 832 genus
881 764 1078 821 medicamenti
1152 776 1173 807 ³¹

37 833 188 890 venenati.
218 831 293 899 quod
322 832 463 883 interdum
491 831 668 884 mortiferum
701 843 749 885 est.
778 821 914 900 ¹Bisaltae
945 850 1013 902 gens
1035 845 1079 896 est
1110 864 1115 874 =

36 902 204 960 Thracum
228 899 354 964 Geloni,'
367 899 512 967 Scythaes.
519 907 547 952 et
563 900 674 969 utrique
691 918 708 954 e
724 894 885 971 regionibus
902 897 1001 957 dictae.
1032 905 1078 961 Ia·

36 970 121 1042 pidia
138 968 307 1037 regio'dicta
326 976 366 1018 cst
380 968 507 1021 Histriae.
682 1012 685 1019 .
967 980 972 996 ¹

94 1038 216 1105 θεοῖς.
232 1042 265 1102 4,
284 1045 309 1094 1.
335 1037 468 1089 Protinus
484 1048 552 1101 etc.;
575 1035 690 1107 quidun
712 1034 808 1091 dicunt
824 1034 882 1090 mel
898 1039 928 1090 in
944 1042 1010 1094 adra
1027 1058 1083 1100 nn,
1099 1079 1102 1083 -

34 1105 98 1172 sci3¹
120 1108 316 1176 quidam'apes
332 1106 476 1174 colligere3
498 1117 554 1174 qno
569 1115 696 1178 tempore
719 1105 750 1158 in
767 1108 815 1159 ida
832 1108 956 1176 Iuppiter
972 1113 1090 1165 nutris-¹

34 1176 210 1256 batur„tum
227 1176 351 1244 primum
368 1186 399 1226 ex
416 1181 480 1228 ae're
497 1173 615 1241 fluxisse,
628 1187 720 1244 eoque
736 1177 827 1246 ipsum
844 1177 949 1228 alitum
962 1206 996 1222 ω
1032 1186 1077 1238 10.

36 1244 160 1308 Petulm,
181 1244 352 1295 lascivientes
372 1243 468 1306 hoedi.
498 1244 554 1293 Aut
569 1263 671 1296 errans
689 1252 758 1297 eto..
779 1259 891 1297 taceam
907 1247 983 1299 dicit.
1014 1248 1076 1300 Mu-

36 1329 127 1380 ropes
143 1312 270 1364 dicuntur
286 1325 363 1379 aves,
378 1326 447 1381 quas
463 1312 492 1363 in
509 1313 588 1365 Italia
604 1322 702 1366 vocant
718 1313 870 1378 Barbaros,
888 1331 1008 1381 quarum
1025 1329 1076 1370 vox
1120 1358 1129 1366 ,

36 1382 109 1452 quia
131 1381 287 1448 multiplex,
317 1381 399 1452 sapin
413 1381 595 1451 partitionem
618 1384 696 1435 vocis.
742 1384 874 1449 Meropes
899 1386 1075 1454 appellantur

36 1453 151 1504 Graece
168 1468 185 1503 a
202 1453 348 1516 merismu,
372 1451 455 1519 quem
473 1450 577 1502 Graeci
592 1459 704 1518 vocant,
728 1467 779 1505 nos
796 1451 978 1518 partitionem
994 1455 1076 1522 vocis,
1120 1496 1123 1502 ,

33 1535 130 1592 quiam
152 1514 239 1571 iidem
263 1509 317 1570 o’nd
342 1519 450 1586 dicunt,
474 1519 686 1587 glossematicbs.
726 1517 762 1570 Er
785 1521 916 1570 manibus
940 1530 1011 1585 etc.;
1033 1524 1076 1576 hi·

29 1589 130 1643 rundo
148 1589 288 1657 quondam
305 1587 429 1656 Progne,
451 1587 598 1640 Pandionis
618 1588 690 1654 iilia,
712 1603 867 1658 quaecum
889 1589 978 1642 illium
994 1605 1084 1643 suum·

29 1660 113 1726 Itym
136 1656 248 1724 coniugi
272 1673 323 1726 pro
348 1660 433 1726 epulis
456 1658 624 1727 apposuisset
645 1657 675 1708 in
698 1674 777 1709 avem
800 1663 908 1723 mutata
924 1666 974 1710 est.
1008 1661 1075 1713 Ideo

29 1727 125 1780 dixit:
147 1725 183 1774 Et
200 1727 333 1776 manibus
351 1734 402 1779 etc.
435 1728 467 1776 In
484 1724 663 1776 hirundinem
678 1727 767 1778 fertur
784 1727 940 1779 Philomela
951 1728 989 1780 ab
1005 1726 1076 1797 aliis,

32 1795 341 1862 non,12rogne,versa.
358 1818 392 1830 -
426 1801 470 1850 30.
488 1794 569 1845 Casia
586 1789 693 1846 herbae
710 1807 811 1863 genus,
827 1792 857 1846 id
873 1794 947 1864 quod
964 1796 1074 1851 herbae

33 1867 82 1916 e'st
107 1863 262 1915 ordorataeL
303 1861 417 1930 Sei-pilia
438 1863 507 1915 item
530 1863 639 1915 herbae
665 1878 766 1930 genus,
797 1863 872 1935 qtiod
898 1881 914 1916 a
939 1867 1074 1934 serpendo

32 1932 187 2001 serpillum
210 1933 431 1999 cognominatur.
454 1959 489 1970 -
537 1938 579 1988 63.
603 1931 765 1998 Meliphylla
789 1940 829 1983 est
852 1931 957 1997 herba,
988 1946 1074 2002 quam

54 2001 168 2070 lerique
191 2008 288 2052 vocant
311 2000 460 2051 meliloton.
503 2001 656 2052 Cerinthon
681 2008 723 2051 est
745 2001 796 2050 flos
819 1998 908 2052 luteus
930 2002 1075 2054 cuiusdam

32 2022 163 2136 gerbas,
186 2086 257 2146 quaa
279 2069 468 2136 copiosissima
492 2077 533 2120 est
548 2069 578 2119 in
595 2069 724 2134 Euboea,
747 2069 777 2118 in
801 2086 856 2136 qua
878 2071 1012 2138 oppidum
1032 2077 1076 2124 ess
1159 2076 1162 2081 '

32 2141 205 2209 impositum
235 2139 403 2200 Tarentum,
433 2138 506 2205 quod
536 2137 752 2188 Lacedaemonii
781 2135 977 2202 condiderunt,
1003 2136 1075 2193 disce

32 2209 193 2272 Phalanto,
218 2206 265 2274 qui
283 2215 346 2255 sunt
362 2205 427 2256 dicti
443 2206 659 2272 Partheniadae,
680 2207 753 2271 nati,
776 2223 840 2255 cum
866 2217 1074 2274 oppugnaretur
1108 2203 1111 2220 '

32 2279 183 2340 Messene,
206 2291 262 2326 non
284 2274 408 2341 legitimo
432 2273 620 2326 matrimonio.
638 2302 671 2312 -
708 2275 816 2333 ttl.1n
833 2276 1009 2344 Hellesponto
1035 2282 1075 2330 est

31 2349 228 2416 Lampsacum
246 2342 392 2414 oppidum.
409 2343 438 2394 in
455 2351 510 2411 quo
527 2343 641 2410 Priapus
658 2345 873 2395 formosissimus
891 2344 990 2395 dicitur
1007 2358 1074 2414 esse,

31 2432 126 2488 quem
141 2414 214 2465 rives
232 2413 289 2464 eius
307 2410 401 2463 colunt
417 2419 448 2461 ut
464 2413 563 2472 deum3
587 2429 609 2463 rs
625 2421 723 2464 autern
747 2412 776 2463 in
793 2412 875 2463 horto
893 2414 1074 2482 ponitur„ut

31 2483 135 2540 avibus
151 2479 294 2534 formidini
310 2482 362 2546 sit,
376 2480 499 2548 itemque
515 2489 599 2532 noctu
614 2480 737 2546 iuribus,
752 2480 827 2548 quud
843 2476 965 2533 interdiu
981 2492 1074 2535 eusnn

31 2554 149 2617 videtur
169 2559 253 2603 stare.
269 2573 305 2587 ··-
339 2554 400 2606 125.
416 2546 535 2601 Oebalia
555 2563 603 2601 arx
625 2546 663 2602 ab
686 2548 793 2603 Oebalo
817 2546 917 2600 dicitur
941 2551 969 2601 in
987 2546 1075 2605 Lace·

29 2625 193 2686 daemone,
216 2618 269 2670 hoc
293 2615 385 2685 ipsum
408 2618 556 2685 oppidum,
583 2616 659 2686 quod
682 2618 796 2690 profluit
817 2618 934 2672 Galesus
958 2614 1073 2674 flumen.
1150 2628 1152 2633 '

29 2685 188 2761 Pompeius
212 2702 279 2738 cum
307 2695 482 2759 oppugnaret
509 2687 612 2755 piratas
639 2687 792 2754 remigibus
821 2702 920 2738 eorsum
945 2690 1074 2756 promisit

31 2771 140 2830 agros,
170 2756 193 2808 si
218 2754 323 2807 vicisset
347 2771 446 2808 eorum
470 2755 615 2807 adiutorio.
657 2756 784 2824 Quorum
807 2754 964 2822 proditione
987 2758 1073 2810 victor
1164 2760 1184 2771 “’

31 2822 260 2883 Tarentinorum
285 2838 366 2891 agros
390 2821 526 2876 veteranis
550 2820 656 2889 divisit,
685 2833 714 2876 et
734 2824 865 2892 quicquid
888 2820 1073 2879 deterrimum

30 2899 109 2964 fuit,
126 2895 279 2962 remigibus
296 2893 378 2945 dedit.
411 2889 510 2944 Cilices
528 2900 622 2944 autem
638 2900 705 2943 tunc
723 2891 903 2944 exercuerunt
919 2891 1073 2960 piraticam.

30 2971 88 3022 Est
105 2973 202 3018 autem
216 2963 247 3014 in
264 2959 363 3013 Cilicia
378 2962 609 3032 promontorium.
642 2960 805 3028 Corycium,
824 2961 939 3011 Cilicem
956 2958 1074 3035 intelligi

29 3036 110 3101 vult,
132 3033 185 3085 hoc
209 3039 251 3084 est
272 3031 411 3098 remigem
434 3032 596 3098 piratarum.
619 3057 655 3068 ·-
696 3032 758 3085 211.
780 3025 882 3079 Medus
905 3027 1072 3098 Hydaspem
1102 3063 1105 3068 -

29 3101 273 3222 flumenpndiaes
290 3094 338 3151 sed
352 3096 605 3167 Virgilius=Mediae
622 3094 690 3149 dixit
706 3097 811 3148 flumen
828 3093 981 3167 Hydaspen,
995 3099 1072 3168 qitud

29 3172 133 3237 Medi,
175 3185 224 3221 uce
241 3165 407 3234 Alexandro,
432 3184 483 3237 per
500 3181 580 3233 eum,
602 3179 702 3232 regem
718 3167 852 3217 Indorum
867 3170 898 3218 et
920 3170 1009 3236 ipsam
1026 3169 1071 3222 In·

29 3244 116 3295 diam
141 3238 309 3307 subegerint.
325 3265 359 3274 -
398 3245 462 3308 232.
480 3234 617 3305 Taygetos
640 3230 827 3301 Vergiliarum
849 3235 968 3289 ostendit
988 3237 1072 3291 sidus.

28 3309 255 3380 synecdochicos
279 3319 334 3357 una
350 3318 383 3357 ex
400 3304 442 3357 his
466 3302 520 3358 hoo
543 3305 656 3358 nomine
672 3290 842 3375 appellatur,
862 3307 893 3356 et
903 3316 963 3373 vqun
978 3307 1070 3358 totum
1118 3352 1121 3360 .

29 3388 147 3435 astrum
161 3376 347 3446 significatur,
364 3389 413 3442 per
428 3374 549 3438 Pliades,
568 3373 700 3443 quoniam
716 3368 850 3423 cumbae
866 3368 989 3444 Iuppiter
1004 3386 1072 3427 cun·

29 3443 138 3504 cubuit
156 3443 188 3497 in
211 3451 322 3510 monte,
347 3444 394 3511 qui
419 3451 571 3497 aretenta
588 3440 725 3510 Taygetus
749 3437 856 3492 dicitur.
874 3466 908 3479 -
941 3443 1070 3500 addela.

29 3520 105 3572 viso
132 3517 200 3577 ete.;
219 3513 323 3577 Mars,
351 3509 456 3564 devicta
485 3508 620 3576 Thracia,
648 3509 751 3562 dicitur
780 3508 924 3564 Minervae
953 3511 1070 3564 donasse

29 3584 151 3655 regiam
166 3577 287 3650 puellam
303 3592 336 3632 ex
350 3579 480 3650 captivis,
500 3581 614 3632 nornine
631 3575 803 3645 madian,
824 3590 897 3650 quiae
919 3575 1070 3632 subtilitate

32 3654 133 3725 operis
162 3648 274 3704 lanificii
304 3653 414 3717 negavit
435 3648 535 3701 cedere
557 3649 717 3716 Minervae,
745 3646 782 3700 ob
805 3645 858 3700 hoc
882 3650 911 3700 in
934 3659 1069 3700 araneam

31 3729 170 3776 contessa
187 3727 243 3784 est,
266 3722 295 3771 et
310 3717 420 3771 Graece
442 3709 546 3788 ἆρᾶχνη
568 3722 688 3771 vocatur.
705 3737 740 3754 ··
774 3718 837 3775 287.
860 3714 933 3770 Pella
957 3720 1071 3782 estop-

32 3792 139 3863 pidum
155 3785 350 3849 Macedoniae,
371 3787 462 3858 patria
477 3782 628 3839 Alexandri.
664 3785 769 3838 Omnes
785 3791 879 3838 autem
896 3780 1071 3838 Alexandria·

10 3860 194 3914 ¹Alexander
217 3851 365 3908 constituit.
398 3856 473 3924 Ergo
497 3853 605 3936 Canopi
620 3851 722 3908 Pellaei
745 3854 811 3906 dicti
834 3856 905 3904 siunt.
938 3849 1081 3920 Cdnbpus

33 3937 138 3982 autem
162 3934 203 3978 est
225 3925 357 3995 oppidum
380 3923 410 3976 in
428 3927 549 3994 Aegypto
573 3925 649 3977 iuxta
664 3919 871 3986 Alexandriam,
891 3932 909 3970 a
931 3921 1078 3990 gubernas

31 4009 102 4050 tore
125 3994 231 4047 dictum
247 3993 378 4046 Menelai.
410 3990 591 4046 Fortunatam
614 3999 709 4044 sutem
729 3990 798 4044 disis
819 3996 933 4058 gentem
954 3992 1070 4058 propter

32 4064 103 4136 agri
125 4059 305 4118 fertilitatem.
324 4086 357 4101 -
392 4064 454 4120 317.
476 4058 582 4115 Peneus
604 4065 647 4112 est
668 4054 827 4133 Thenalise
851 4054 974 4125 flumen,
996 4053 1074 4127 quod·
1160 4104 1162 4108 Α

91 4185 150 4257 11.
461 4182 505 4229 π
715 4264 721 4279 ,
834 4175 872 4232 a
