2430 4620
135 276 179 341 12
392 266 532 331 susm
556 244 930 373 couneursnms'

134 461 207 506 sunt.
240 450 314 504 Nam
337 450 374 503 ab
399 466 434 503 eo
451 452 525 521 quod
549 460 590 505 est
612 456 758 521 paciscar,
782 462 810 507 et
827 454 924 521 pepigi
948 458 976 505 et
991 460 1095 519 paetus
1112 468 1179 503 nris

134 524 215 575 iacit:
239 523 309 572 sicut
333 520 369 573 ab
392 536 425 571 eo
449 522 523 589 quod
547 531 588 575 est
610 541 712 591 porco,
735 530 765 577 et
787 528 869 589 persi
892 530 923 573 et
962 523 1041 587 persi
1065 520 1109 585 et)
1131 538 1179 589 pe-

135 593 213 657 perci
239 590 334 658 [lacit]
370 588 439 639 Pace
463 606 622 657 sequestra,
647 592 740 647 suedia
764 598 803 657 (et
819 592 988 661 temporati.)
1020 588 1194 713 Nam[qu:p'

136 673 276 727 sequester
306 666 348 711 est
372 658 440 726 [etit]
470 660 577 711 titedius
604 662 677 713 iuter
705 664 774 713 diros
798 660 978 725 altercantes,
1005 656 1078 728 [etit]
1102 674 1149 727 apt

136 746 222 798 quem
246 729 349 797 aliquid
373 727 408 779 ad
432 736 543 796 tenipus
560 734 717 800 seponitur,
744 732 859 797 [dictum
877 738 972 781 autem
989 744 1006 780 a
1024 728 1177 795 sequendo,

136 798 211 867 quod
237 798 294 850 eius
311 796 359 865 qui
383 797 485 847 electus
502 798 537 848 sit
561 807 678 867 utraque
703 816 766 881 pars
788 798 873 849 fidem
891 797 1039 865 aequitum]
1078 794 1175 851 Pacem
1201 824 1204 829 ¹

137 884 205 936 ergo
231 879 419 934 sequestram,
442 866 565 917 inducias
590 868 670 918 dicit:
700 888 717 919 i.
742 884 764 919 e.
792 882 890 935 pacem
914 866 1118 937 temporalem,
1147 872 1176 919 et
1206 896 1212 905 ·

135 937 259 989 mediam
274 936 348 987 iuter
365 933 469 986 bellum
488 936 669 1002 praeteritum
687 946 716 989 et
732 938 864 987 luturum.
884 963 919 973 —
955 934 1176 1001 134.il1istique

139 1010 254 1073 impune
271 1004 372 1054 Latini
381 1027 390 1065 ,·
408 1005 481 1073 apud
500 1007 617 1055 maiores
634 1006 710 1057 euim
728 1020 830 1073 magna
847 1013 908 1056 erat
924 1020 991 1055 ctera
1007 1004 1090 1067 tiilei,
1105 1004 1173 1055 adeo

137 1085 170 1128 ut
185 1074 312 1144 [induciis
329 1072 408 1123 lactis
426 1072 544 1141 colloqui
562 1074 634 1125 soliti
653 1083 743 1127 esseut
759 1074 841 1126 duces
858 1072 953 1141 populi
970 1072 1093 1125 Romani
1109 1088 1172 1123 mm

137 1144 260 1197 hostium
283 1142 411 1206 ductibus,
434 1157 598 1211 summaque
623 1145 766 1195 severitate
790 1142 974 1205 vindicatum,
996 1142 1019 1193 si
1041 1140 1174 1193 inierim

137 1230 167 1265 se
185 1227 277 1284 pessos
294 1217 491 1279 quererentur,
508 1212 628 1279 denique
646 1212 754 1265 obsessa
771 1212 841 1265 urbe
857 1228 874 1263 s
889 1206 1079 1279 Tarquinio,]
1101 1208 1177 1263 inter

137 1282 307 1335 Porsennam
333 1286 361 1331 et
383 1279 525 1331 Romanos
548 1282 626 1331 lactis
650 1282 783 1345 induciis,
808 1295 874 1330 cum
898 1280 954 1331 ludi
977 1280 1124 1331 Circenses
1145 1278 1175 1331 itt

138 1352 210 1401 urbe
240 1349 464 1413 celebrarentur,
494 1349 610 1417 ingressi
643 1350 762 1401 hostium
787 1350 870 1401 duces
900 1347 989 1399 curuli
1019 1346 1175 1401 certamine

139 1419 352 1479 contenderent,
375 1426 403 1469 et
426 1418 542 1470 victores
566 1426 774 1470 coronarentur.
824 1418 962 1487 [liupuue
987 1424 1099 1491 autem,
1122 1416 1175 1467 hoe
1205 1466 1213 1485 ,-

137 1488 199 1539 loco
218 1487 277 1537 sine
294 1484 438 1554 periculo]
451 1513 487 1524 —
523 1495 582 1545 135.
603 1487 687 1538 Ferro
703 1488 819 1554 bipenni
825 1512 834 1551 ,-
852 1488 887 1539 sd
900 1486 1044 1556 epitheton
1056 1491 1177 1537 temtu-

137 1557 170 1608 lit
186 1573 291 1608 nomeu
308 1556 460 1627 proprium.
494 1556 567 1605 Nam
586 1558 717 1624 bipennis
735 1574 784 1624 per
801 1572 830 1609 se
847 1557 959 1623 plenum
977 1562 1034 1619 est,
1055 1560 1087 1606 et
1100 1568 1175 1607 setu-
1208 1585 1213 1590 -

137 1627 194 1679 rim
217 1624 364 1705 significat³
387 1633 418 1674 ut
442 1628 493 1691 (2,
509 1626 595 1686 listi-i:
624 1628 786 1693 crebrisque
811 1627 982 1691 bipennibus
1006 1625 1125 1675 instant.
1140 1648 1175 1659 -

138 1702 200 1753 137.
224 1694 355 1758 Robora,-
379 1694 463 1745 modo
487 1710 573 1761 genus
598 1696 740 1763 ligni⁸est.
783 1694 856 1746 Nam
871 1690 922 1747 'est
945 1694 1020 1745 iuter
1043 1691 1175 1763 specialia

137 1764 372 1816 nominatum-
408 1768 469 1819 135.
490 1764 630 1814 Plaustris
647 1766 837 1830 gementibus5
861 1764 912 1814 sub
936 1761 1062 1831 pondere
1078 1778 1175 1813 suueu-
1206 1809 1207 1812 ,

137 1834 218 1883 tibus·
236 1860 271 1869 -
313 1835 373 1887 141.
393 1830 473 1897 Quae
494 1834 574 1883 inodo
593 1842 659 1891 etc.;
686 1826 804 1901 [Latio,
826 1849 878 1900 pro
904 1834 935 1882 in
952 1829 1060 1895 Latin]
1098 1830 1207 1884 uene·

140 1903 229 1953 modo.
263 1900 324 1950 Uno
351 1902 426 1951 euim
451 1902 603 1969 eodemque
628 1902 673 1953 die
698 1911 726 1953 et
745 1902 856 1953 fortiter
880 1901 948 1953 iecit
969 1909 998 1953 et
1022 1900 1119 1967 periit:
1141 1904 1175 1949 ut

139 1977 199 2037 (10,
218 1970 306 2029 507.):
330 1967 408 2021 Haec
431 1982 456 2019 te
473 1974 566 2036 prima
585 1973 645 2021 dies
663 1972 733 2022 lello
753 1972 843 2033 dedit,
866 1970 934 2020 baec
956 1970 1053 2021 eadem
1073 1968 1176 2037 aufert.

138 2041 201 2109 [Alii
221 2040 318 2102 inodo,
361 2041 423 2091 aulo
441 2048 505 2091 aute
522 2040 668 2109 accipiunt.
703 2039 756 2090 Sed
778 2042 873 2093 modo.
891 2038 965 2091 haud
981 2055 1047 2090 cum
1064 2040 1175 2103 affectu,
1205 2041 1209 2049 “

137 2118 169 2159 ut
192 2107 320 2160 acerbior
342 2057 431 2159 iscius
455 2108 488 2159 de.
517 2116 594 2159 tauta
625 2110 777 2161 mutatione
807 2116 983 2169 nasceretur3
1011 2108 1060 2159 alii
1085 2108 1176 2171 raah,

138 2193 226 2246 poeno
244 2175 402 2243 accipiunt]
419 2203 452 2215 -
490 2182 550 2233 142.
568 2178 689 2228 Arcades
714 2178 751 2227 ad
775 2191 871 2246 portas
897 2194 993 2241 ruere,-
1017 2192 1064 2229 eos
1089 2178 1208 2247 [nunc.

137 2244 266 2309 Arcadas]
286 2244 365 2310 dicit,
388 2246 435 2313 qui
452 2244 527 2297 intra
545 2248 683 2299 civitatem
700 2254 771 2298 sunt.
805 2248 906 2315 [Multa
923 2254 1019 2299 tamen
1037 2244 1176 2315 exempla·
1209 2255 1210 2258 ’

137 2318 194 2368 ria:
213 2315 338 2364 Arcadas
356 2326 384 2366 at
401 2320 490 2380 partis
509 2316 601 2380 (Febr.
618 2316 726 2381 partas)
747 2334 841 2379 ruere,
863 2316 1037 2381 habuerunt,
1061 2324 1095 2367 ut
1110 2330 1175 2367 con-
1213 2377 1214 2380 Ἴ

137 2384 242 2436 iunctio
266 2383 378 2434 sitnon
402 2384 586 2452 praepositio,
614 2394 646 2434 ut
669 2390 718 2451 (4,
742 2384 836 2447 alfred:
871 2386 896 2435 lt
923 2386 1037 2451 nigrum
1064 2384 1175 2449 campis

139 2470 254 2521 agmen,
271 2468 336 2520 pro,
352 2471 401 2519 per
419 2470 532 2521 europus
549 2461 577 2506 et
594 2458 637 2519 (4,
655 2454 740 2515 130.);
764 2454 789 2503 lt
805 2457 895 2520 portis
913 2456 1027 2517 iubare,
1042 2470 1096 2520 per
1110 2470 1177 2521 pan·

138 2535 198 2573 tos:
226 2538 303 2572 ruere
328 2530 437 2587 eutem,
461 2523 478 2574 i.
503 2541 542 2587 e.,
566 2538 667 2589 ningues
690 2522 833 2575 velocitate
857 2524 938 2586 lerri,
961 2530 993 2572 ut
1016 2528 1066 2587 (3,
1088 2522 1176 2583 otc-lt

138 2591 268 2641 Excisum
289 2586 365 2654 ruit,
378 2592 413 2642 ad
430 2599 538 2659 portas,
561 2600 588 2643 et
606 2592 651 2657 (ii.
670 2600 702 2656 3,
721 2594 808 2654 ltili:
832 2591 984 2659 fluuntque
1002 2590 1094 2661 effusi
1110 2608 1175 2641 aar·

139 2677 198 2712 cere
217 2676 335 2723 currus,
358 2668 385 2711 et
403 2678 482 2712 ruere
499 2677 551 2730 pro
568 2661 701 2725 ruebant,
724 2662 863 2712 inlinitum
882 2677 932 2730 pro
950 2654 1178 2729 pronuntiative]
1198 2694 1204 2705 .

137 2728 182 2780 De
201 2746 275 2779 more
292 2741 416 2795 vetusto,-
445 2729 510 2797 quis
526 2738 607 2781 antea
629 2748 678 2799 per
695 2740 807 2782 noctem
823 2731 956 2781 cadavera
972 2729 1177 2781 funerabantur

138 2800 211 2864 (Vos.
228 2796 408 2864 ferebantur,
431 2798 502 2849 Dan.
525 2800 675 2867 profereb,
697 2800 778 2850 Febr.
802 2798 947 2867 praefen,
970 2798 1001 2847 V.
1011 2796 1116 2866 furter.
1131 2794 1177 2849 uel

137 2886 187 2935 pro
201 2865 310 2933 fusiera
328 2867 433 2935 feren,
455 2868 489 2917 R.
507 2870 550 2919 vel
567 2886 617 2935 pro
635 2867 744 2936 funera
777 2870 845 2918 ereb.
854 2906 862 2933 ,
883 2866 975 2935 steph.
996 2884 1047 2933 pra
1066 2864 1176 2936 sunere

132 2936 232 3007 ferei.)
250 2951 314 2985 cum
333 2936 436 2987 iaculis.
452 2966 487 2976 —
523 2942 583 2994 143.
603 2938 731 3003 Rapum
763 2954 842 2997 aces,
866 2952 1000 3004 rapuere,
1022 2937 1131 3006 raptim
1145 2940 1178 2989 et

136 3005 299 3058 festinanter
317 3005 449 3057 tulerunt.
484 3005 545 3072 [Sed
564 3008 639 3073 apud
654 3007 795 3057 Romanos
812 3006 897 3056 moris
914 3003 981 3069 luit,
1006 3012 1038 3054 ut
1054 3004 1176 3057 noctise·

138 3073 241 3141 (noctu)
264 3075 430 3125 efferrentur
455 3076 489 3125 ad
514 3077 631 3136 [urielia3
660 3077 733 3127 mide
757 3075 842 3126 etiam
859 3074 957 3143 funus
986 3070 1097 3125 dictttm
1126 3080 1178 3139 etl,

138 3144 204 3210 quia
221 3142 249 3192 in
267 3141 396 3209 religiosa
414 3144 521 3196 civitate
539 3145 687 3210 cavebant,
704 3163 739 3195 ne
757 3152 805 3194 erit
821 3140 1029 3211 magistratibus
1045 3157 1178 3195 occurre·

137 3220 216 3275 rent,
246 3219 293 3263 aut
314 3212 516 3276 sacerdotibus,
545 3229 665 3279 quorum
690 3213 781 3264 oculos
805 3212 937 3263 nolebant
959 3208 1050 3262 alieno
1075 3213 1179 3263 timere

137 3280 241 3331 violari.
284 3281 458 3333 Incestum
502 3281 531 3333 ui
554 3283 646 3332 funeri
669 3289 832 3349 praeerant,
861 3300 878 3333 a
902 3296 1016 3345 vespero
1047 3280 1177 3347 primum

138 3367 318 3415 vesperones,
341 3348 441 3402 deinde
469 3300 644 3417 tiesptttones
667 3352 734 3402 dicti
757 3352 899 3415 videntur,
920 3357 948 3401 et
971 3348 1062 3417 magis
1086 3350 1177 3401 moris

138 3417 274 3484 Romani,
304 3427 335 3469 ut
357 3419 521 3485 impuberes
543 3427 628 3471 noctu
651 3422 816 3471 efferrentur
840 3420 876 3471 ad
898 3420 987 3483 iaces,
1009 3436 1048 3470 ne
1071 3418 1175 3471 iuuere

139 3489 304 3538 immaturae
320 3487 420 3537 sobolis
438 3488 534 3538 domus
550 3490 749 3548 funestaretur,
773 3488 846 3555 quod
863 3487 1012 3556 praecipue
1028 3486 1179 3539 accidebat

138 3557 168 3608 in
188 3572 285 3606 eorum
302 3556 347 3623 qui
372 3557 401 3606 in
418 3557 584 3624 magistratu
609 3566 689 3609 erent
712 3556 783 3607 siliis.
816 3558 881 3608 Ideo
898 3554 1026 3617 virgilius
1042 3554 1185 3608 Pallantis

140 3641 241 3690 corpus
258 3625 324 3674 iacit
341 3626 427 3692 excipi
445 3626 564 3688 lacibus,
588 3626 653 3693 quia
670 3625 803 3678 acerbum
820 3628 910 3677 sunau.
943 3612 1058 3685 Funere
1078 3632 1178 3677 autem

139 3693 187 3745 alii
205 3711 220 3744 s
237 3693 390 3760 funalibus
410 3696 552 3759 candelis,
575 3694 642 3746 sebo
658 3695 701 3747 vel
717 3711 784 3746 cera
801 3694 976 3746 circumdetis
993 3694 1084 3745 dicta.
1101 3692 1179 3761 quod
1208 3724 1212 3735 ·

139 3762 203 3815 his·
226 3762 428 3814 raelucentibus
451 3772 534 3815 noctu
559 3766 726 3816 efferrentur
749 3762 860 3813 mortui.
901 3762 954 3815 Alii
977 3781 994 3815 a
1034 3764 1211 3831 ungeodffi

140 3781 224 3898 ‹1quj
236 3846 271 3883 eo
295 3835 472 3901 praesumo*
489 3832 640 3898 (supremo)
663 3834 693 3884 in
717 3848 750 3884 eo
775 3831 822 3899 qui
839 3832 954 3883 decessit
1026 3831 1060 3882 fo
1083 3830 1179 3901 iungi-

140 3917 219 3965 mur,
242 3900 284 3952 vel
308 3900 381 3967 quod
403 3902 432 3951 hi
450 3901 496 3968 qui
521 3901 625 3951 mortui
648 3909 726 3967 stult,
749 3903 808 3952 vita
826 3900 927 3968 functi
949 3899 1088 3963 dicuntur.
1123 3898 1177 3951 etit
1203 3903 1212 3947 “.

140 3970 265 4033 tradunt,
290 3969 324 4021 de
343 3967 405 4018 filiis
424 3970 517 4038 quiin
534 3978 667 4040 potestate
703 3970 769 4022 atris
786 3971 855 4034 sint,
872 3984 929 4020 tion
947 3969 1039 4049 putari
1054 3970 1100 4021 ias
1116 3984 1198 4023 esse-

137 4036 232 4103 funus
248 4038 341 4090 vocari
358 4037 488 4108 fierique,
511 4039 576 4109 quia
592 4038 664 4093 servi
684 3989 748 4093 ioco
770 4038 826 4092 siut
847 4046 974 4117 pucati,
997 4045 1027 4091 et
1040 4038 1065 4093 si
1080 4038 1112 4093 ld
1127 4037 1177 4091 fist
