2452 4626
138 278 142 283 ·
169 248 206 352 is
230 283 779 365 vrnen.snun1u.t1n.x11‚
802 291 994 360 sir-ses.
1057 266 1101 361 '73

60 475 176 528 'l'roieni
194 475 401 543 exploratorem
417 490 501 543 quem
518 473 553 527 ed
639 490 657 526 e
667 472 844 526 Graecorum
859 475 1004 528 mitterent
1017 491 1100 544 quise·

64 553 169 610 serent,
194 545 245 597 hie
261 545 352 596 Dolon
370 544 541 613 exploratum
557 558 594 597 se„
629 560 645 595 e
664 543 778 606 obtulit,
800 543 824 592 si
840 542 892 594 sibi
910 545 973 613 equi
990 545 1100 597 Achillis

62 631 108 684 pro
123 615 260 682 praemio
277 613 426 676 darentur,
450 611 498 680 qui
521 610 586 663 cuni
608 610 689 676 isset,
715 612 818 662 obvios>
832 611 930 662 hebuit
945 614 1100 666 Diomeden
1193 668 1195 675 ,

62 691 85 735 et
107 683 213 734 Ulixen
238 681 365 732 similiter
389 680 572 750 exploratores
601 682 696 730 missos
720 679 756 731 ed
785 687 874 731 castre
899 682 1033 745 Troiane,
1055 699 1101 734 ce·
1179 723 1191 740 r

58 759 178 822 ptusque
195 749 287 802 ebscii
303 759 331 801 et
346 753 361 782 *
377 749 522 801 tormentis
539 746 719 803 constituerat
735 747 861 814 edoctus,
880 751 989 818 (ceptq.
1007 750 1042 801 eb
1059 749 1102 816 iis,

58 829 83 872 et
105 828 197 872 torm.
225 819 347 870 ednotus·
363 818 534 888 exposuerat)
558 825 617 868 tem
641 817 754 868 consilis
778 818 965 869 Troianorum
989 818 1102 886 Tyrreni

59 894 157 957 (quern
176 887 283 950 Rhesi)
300 889 461 952 adventum,
478 887 525 956 qui
543 901 627 954 equos
643 885 756 937 falcatos
774 886 889 953 (fatales)
906 887 1056 939 adduxerat
1070 887 1102 938 in

59 959 194 1010 auxilium
206 957 407 1021 Troianorum,
424 971 507 1024 quem
520 954 669 1006 Diomedes
688 961 716 1005 et
730 955 819 1006 Ulixes
834 955 954 1006 vinctum
969 956 1004 1006 ad
1020 956 1101 1007 erbo-

60 1042 119 1078 rem
131 1026 328 1094 relinquentes
349 1025 466 1093 proiecti
477 1025 514 1076 ed
526 1031 616 1076 cestra
630 1023 753 1074 Troiana
766 1023 856 1073 occiso
869 1018 961 1075 Rlieso
977 1024 1102 1076 abductis

63 1096 138 1162 equis
154 1093 310 1147 redeuntes
328 1096 494 1146 occiderunt
530 1092 617 1144 Huius
638 1090 725 1149 filium
743 1107 817 1142 nunc
842 1092 915 1155 inter
933 1092 1067 1144 Troianos
1083 1109 1102 1144 ι

64 1162 154 1223 Turno
173 1161 247 1214 dicit
263 1164 446 1227 occisum.]—'
479 1168 539 1220 550.
556 1164 652 1210 Ausus
667 1159 778 1210 Pelidae
795 1164 914 1228 pretium
934 1163 991 1212 sihi
1007 1178 1101 1229 posse·

71 1250 97 1281 re
113 1248 233 1296 currus;
251 1230 367 1283 difficilis
379 1230 543 1300 Hypallege;
558 1247 625 1281 nam
642 1229 695 1280 hoc
708 1230 765 1280 vult
776 1229 883 1282 dicere:
901 1230 955 1298 Qui
968 1239 997 1281 ut
1010 1230 1102 1293 Achil·

69 1299 99 1350 lis
114 1315 205 1370 >equos
232 1307 324 1369 posset
346 1301 486 1366 occipere,
508 1301 550 1350 ire
573 1314 655 1349 ettsus
679 1306 726 1349 est
743 1298 779 1351 ed
802 1308 891 1350 cestre
917 1301 1101 1352 Graecorum.

69 1368 138 1421 Ordo
155 1369 242 1422 enim
259 1383 315 1419 non
332 1368 469 1437 procedit,
486 1367 534 1436 qni
551 1374 582 1417 ut
598 1367 668 1430 iret,
684 1382 765 1418 susus
782 1375 823 1418 est
839 1374 944 1437 petere.
979 1367 1101 1436 [Currus

66 1453 125 1489 vero
141 1452 198 1509 pro
218 1453 372 1502 curruum,
394 1454 427 1489 ee
444 1437 565 1504 per-hoc
583 1453 718 1501 equorum
736 1434 821 1501 dixit]
838 1465 870 1475 —
908 1445 968 1494 351.
988 1436 1039 1490 Pro
1048 1448 1101 1488 oe·

64 1507 139 1558 lilus
164 1507 270 1569 ausis,-
294 1507 435 1575 quaeritur
461 1504 520 1572 quis
545 1511 609 1556 unte
633 1504 707 1554 hunc
732 1507 813 1554 ausis
839 1504 954 1556 dixerit?
973 1530 1006 1542 —
1040 1513 1107 1564 352..

10 1574 23 1639 i
65 1575 166 1644 effecit
187 1577 295 1640 preti03
313 1575 397 1626 modo
415 1591 504 1639 poena
522 1570 698 1642 [signifieat,]
720 1589 788 1624 nem
804 1578 925 1641 pretium
943 1571 998 1626 τῶν
1015 1579 1102 1642 μέσων

10 1663 13 1671 ·
67 1654 110 1697 est.
149 1643 324 1714 [Terentius
350 1643 448 1709 (Andr.
468 1649 501 1706 3,,
519 1651 549 1707 5,
565 1642 624 1705 4.):
648 1641 722 1708 Ergo
748 1646 868 1709 pretium
894 1645 926 1694 ob
952 1647 1101 1695 stultitiam
1138 1671 1141 1675 ¹

61 1713 132 1781 jero.
168 1711 253 1764 Unde
271 1719 299 1763 et
315 1711 416 1764 Graeci
432 1713 580 1779 τιμωρίαν,
598 1726 720 1781 poenum
737 1720 850 1777 vocant,
873 1704 930 1774 dni
946 1710 995 1780 τῆς
1011 1711 1117 1783 einis„

10 1816 12 1823 ·
64 1781 135 1850 quod
161 1788 207 1833 est
230 1778 373 1850 pretium]
412 1779 470 1830 Neo
495 1783 573 1846 equis
598 1782 707 1844 aspiras
732 1780 869 1846 Actium
897 1784 1006 1850 aspirat
1029 1783 1103 1852 opud

10 1832 15 1915 i
64 1850 187 1902 maiores
212 1850 321 1900 aceedit
342 1849 486 1916 significet.
535 1849 634 1901 Cicero
665 1849 760 1914 (Verr.
783 1850 821 1913 Ἱ’2,
844 1852 917 1912 31.):
946 1850 1102 1919 Nunquam

15 1974 18 1979 ,
65 1919 150 1986 (codd
168 1918 270 1970 Burm.
290 1917 377 1981 nuno)
394 1919 536 1984 aspiravit
553 1919 590 1966 ed
609 1918 735 1982 curiam,
752 1917 770 1968 i.
788 1913 949 1971 nlsccessit.
985 1919 1101 1973 sedhic

22 1990 28 1999 '
65 1990 184 2056 figurate
201 1988 285 2053 dixit,
301 1989 416 2055 Aspirat
433 1989 526 2054 equis,
542 1996 594 2104 {ro
612 1986 649 2034 nd
666 2003 768 2063 equos.-
785 1986 803 2037 i.
823 2005 849 2039 e.
867 1988 969 2039 occisus
987 1998 1035 2055 est,
1050 2005 1103 2041 nec
1147 2022 1152 2029 -

66 2059 97 2109 sd
113 2071 206 2125 equos
222 2055 333 2109 Achillis
351 2056 472 2108 accessit:
503 2055 550 2106 Me
564 2055 602 2104 'us
618 2063 713 2105 tamen
731 2062 785 2120 est,
808 2064 840 2105 ut
855 2056 890 2107 de
908 2056 1043 2110 Diomede
1061 2059 1104 2110 in·

65 2127 243 2194 seligemus,
267 2132 299 2175 ut
314 2125 349 2174 sit
365 2140 472 2176 sensus:
494 2123 642 2191 Diomedes
657 2123 762 2175 occidit
778 2124 929 2189 Dolonem,
953 2125 1000 2194 qui
1019 2143 1103 2196 equos

65 2195 176 2247 Achillis
202 2209 284 2245 susus
301 2201 343 2245 est
364 2203 478 2260 petere:
501 2192 568 2260 q'uos
586 2208 637 2242 nec
653 2191 700 2243 ille
718 2194 766 2260 qui
789 2208 854 2244 eum
872 2192 949 2258 tien,
971 2196 1104 2265 poposcit.

65 2264 145 2332 [Sene
172 2263 306 2328 adspiret
329 2270 370 2314 est
392 2269 512 2314 tractum
536 2261 571 2311 sb
596 2260 639 2311 his
663 2260 711 2328 qui
732 2262 904 2330 insequentes
926 2263 1025 2330 spiritu
1054 2279 1103 2314 suo

65 2333 207 2403 proximos
223 2330 336 2401 edilant.
354 2356 388 2368 -·
423 2337 484 2390 354.
502 2327 633 2396 Longum
650 2348 698 2395 per
717 2331 802 2380 inane
809 2353 819 2394 ,-
843 2331 897 2382 hoc
914 2340 955 2383 est
972 2350 1021 2401 per
1044 2333 1104 2384 lon-

65 2417 132 2469 gum
147 2401 284 2468 spatium.
317 2400 433 2450 Secutus
453 2401 564 2463 inculo;
588 2415 638 2467 pro
657 2401 817 2464 insecutus,
839 2400 881 2451 vel
906 2408 982 2453 certe
1007 2420 1022 2453 e
1044 2402 1104 2452 lon·

66 2471 169 2538 ginquo
199 2483 266 2520 eum
289 2476 352 2520 ante
384 2469 474 2519 iectd0
498 2467 655 2518 vulneravit.
684 2493 719 2505 -
766 2474 827 2526 356.
853 2469 1025 2537 Elapsoque;
1052 2485 1104 2540 pro

64 2538 161 2606 lapso]
179 2562 218 2576 -
254 2543 315 2594 357.
333 2538 456 2588 Dextrae
474 2554 635 2587 mucronem
654 2548 810 2603 extorquet,
835 2540 912 2605 quasi
936 2554 1104 2610 prooecono·

67 2609 123 2658 mia
140 2615 201 2673 est,
224 2614 257 2656 ut
280 2621 335 2657 non
358 2623 424 2658 eum
448 2622 497 2656 suo
510 2606 664 2657 interimet
678 2605 785 2673 gladio,
808 2624 844 2658 ne
862 2608 1008 2674 agnoscat,
1031 2608 1105 2676 quod

66 2675 177 2728 Metisci
196 2682 253 2729 este
276 2675 468 2726 etiamnunc
485 2690 564 2724 suurn
588 2673 726 2740 requirat,
751 2690 805 2742 quo
829 2678 903 2728 fecto
922 2678 1012 2743 perire
1029 2685 1105 2746 pote·

66 2754 108 2796 ret
124 2758 246 2812 sequens
270 2744 360 2794 fracto
371 2772 375 2777 -
386 2743 477 2810 gladio
502 2744 670 2795 oeconomis.
687 2768 721 2780 -
756 2750 817 2800 358,
835 2744 967 2812 [Tinguit
986 2747 1105 2814 inguim

66 2814 109 2866 hie
134 2829 196 2864 non
221 2811 358 2878 significat
381 2812 483 2876 inficit,
508 2820 539 2861 ut
563 2820 590 2863 et
613 2811 665 2875 (G.
683 2821 716 2876 2,
733 2814 784 2871 8.):
816 2813 929 2879 Tingue
954 2831 1024 2866 noso
1050 2833 1104 2864 me-

68 2901 128 2934 eum
147 2884 271 2948 direptis
297 2897 380 2931 crura
407 2883 550 2944 coturnis,
573 2881 620 2932 sed
643 2881 775 2932 demersit
797 2882 826 2933 in
850 2882 992 2949 iugulum,
1015 2891 1044 2934 ut
1066 2884 1107 2936 ibi

68 2952 145 3020 [91.):
179 2951 216 3001 Et
241 2949 340 3017 Stygia
365 2951 507 3001 cadentem
533 2951 656 3001 tinxerat
682 2951 774 3012 unda,
803 2950 956 3017 imbuerat,
986 2953 1109 3017 duraret,

68 3017 228 3090 significat]
245 3044 280 3055 -
321 3024 382 3078 359.
399 3020 443 3069 Εη
462 3037 565 3086 egros3
590 3017 774 3086 [subanditur]
798 3036 865 3086 quos
890 3020 992 3073 victore
1015 3024 1108 3074 Aenea

69 3100 95 3143 te
112 3090 245 3160 accipere
263 3104 342 3158 posse
360 3088 507 3152 credebas,
530 3089 659 3156 [corpore
684 3095 732 3136 tuo
757 3089 868 3150 metire,
891 3090 1047 3141 metiuntur
1062 3107 1109 3142 eu·

12 3176 22 3219 ’2
69 3168 126 3212 tem
148 3172 235 3226 agros
260 3157 309 3224 qui
331 3157 434 3209 colonis
458 3154 636 3224 adsignant3]
660 3155 725 3207 inde
750 3157 824 3207 enim
841 3159 997 3208 sarcasmos
1021 3162 1109 3210 lactus

11 3238 22 3319 q
70 3237 121 3290 est;
143 3243 216 3278 nem
239 3225 409 3276 consuetudo
434 3233 508 3290 eret,
533 3233 563 3275 ut
580 3225 698 3275 victores
714 3224 898 3293 imperatores
915 3244 996 3295 agros
1013 3228 1111 3279 militi-

12 3324 22 3361 t
68 3295 116 3347 bus
133 3296 191 3346 suis
209 3294 318 3357 darent,
334 3299 365 3343 ut
381 3293 411 3344 in
427 3294 547 3346 historiis
563 3293 686 3361 legimus.
721 3295 837 3345 ltem'in
852 3295 964 3360 Lucano
979 3296 1110 3362 (1,346.):

69 3367 110 3414 rin
129 3366 235 3415 melius
255 3362 331 3430 fient
355 3365 464 3428 piratae
482 3363 587 3429 Magne
613 3363 716 3413 coloni.
750 3364 797 3430 [Et
820 3363 886 3414 alibi
904 3365 1000 3429 (44th
1030 3364 1110 3432 Ques

70 3435 220 3484 sedeserit
237 3432 472 3498 emeritis,=qune
492 3450 560 3482 rura
579 3433 738 3495 dabuntur,
761 3449 831 3496 quoe
851 3446 944 3484 noster
961 3442 1111 3485 veterdnus

72 3502 148 3552 aret?
185 3501 225 3551 Et
241 3501 297 3552 hoc
316 3501 448 3567 est-quod
464 3517 546 3568 supra
564 3501 616 3552 ait:
640 3499 779 3551 Hostibus
797 3503 963 3569 insultans]
983 3529 1016 3540 -·
1051 3507 1112 3561 364.

71 3571 217 3623 Sternacis
241 3571 323 3636 equi,-
348 3569 465 3636 ferocis,
487 3571 535 3637 qui
560 3570 640 3620 facile
664 3571 761 3620 sternit
787 3571 938 3623 sedentem.
979 3571 1113 3640 [Quidem

89 3657 119 3691 ro
136 3640 242 3707 ‘pavidi
261 3637 413 3704 accipiunt3
439 3640 612 3700 consternati
637 3637 712 3688 enim
737 3638 800 3705 equi
817 3639 967 3706 dicuntur]
983 3668 1017 3680 -
1052 3647 1112 3698 365.

73 3658 164 3761 idone·
183 3709 308 3772 Boreoe;
334 3705 444 3771 Edoni,
468 3707 589 3762 Thracii.
623 3707 696 3756 Nem
713 3706 794 3758 Edon
812 3723 892 3759 mons
911 3720 951 3760 est
969 3711 1113 3761 Thraciae.

77 3777 139 3830 Sene
162 3777 329 3839 sciendum,
351 3776 404 3826 hoc
428 3775 619 3833 locoerre'sse
641 3775 799 3839 Donatum,
830 3778 878 3843 qui
904 3778 986 3843 dicit,
1007 3779 1114 3830 Edonii

77 3845 227 3912 legendum,
247 3851 278 3894 ut
296 3845 330 3894 do
349 3844 438 3894 brevis
455 3843 490 3893 sit
507 3845 659 3895 secundum
672 3843 818 3895 Lucanum
836 3846 883 3912 q'ui
901 3846 967 3896 dicit
980 3853 1014 3912 (1,
1028 3848 1114 3907 mit
1144 3902 1146 3907 ,

82 3913 178 3966 Edonis
208 3914 324 3980 Ogygio
359 3914 484 3963 decurrit
519 3913 600 3976 pleno
625 3911 729 3979 Lyaeo.
777 3913 904 3979 Namque
935 3924 1042 3966 certum
1067 3923 1115 3980 est,

32 4040 37 4049 ι
84 3980 194 4048 systolen
212 3982 312 4034 fecisse
330 3982 484 4032 Lucanum.
520 3982 597 4033 Unde
614 3981 708 4033 Edoni
725 3981 874 4048 legendum
891 3990 945 4046 est,
969 3991 1000 4032 ut
1017 3985 1051 4036 sit
1068 3983 1115 4033 hie

33 4064 45 4175 q
90 4048 209 4119 Uenus,
226 4051 317 4102 huius
334 4049 437 4103 Edoni.
464 4050 572 4104 ¹Statius
590 4060 618 4101 et
633 4049 782 4120 Virgilium
802 4057 830 4102 et
847 4057 935 4104 artem
952 4059 1060 4103 secutus
1077 4053 1117 4104 sit
