2430 4620
122 281 169 347 60
380 270 524 338 SERVII
546 273 904 337 COMMENTARIUS

123 465 168 522 79.
184 458 291 514 Nostro
309 460 482 514 dirimamus
498 461 641 528 sonnino
660 460 781 525 lellum5
808 459 882 515 bone
898 477 928 513 se
946 460 1078 514 omnibus
1096 478 1192 519 cons—4

124 531 238 584 mendat
254 530 308 582 hoo
324 532 414 583 dicto:
436 531 574 600 siquidem
590 545 672 580 suum
689 530 854 598 sanguinem
872 545 924 597 pro
943 532 1020 581 oumi
1039 531 1116 585 bello
1132 530 1192 589 dii

124 601 164 652 cit
186 615 266 670 posse
288 600 421 653 sufficere.
446 627 481 637 —
520 605 564 656 82.
590 597 684 649 Poscit
710 616 795 667 equos
819 607 888 662 eto,
919 599 1008 651 solent
1032 601 1113 652 enim
1138 614 1192 655 Ε

124 684 261 737 equorum
279 669 322 721 vel
339 669 495 733 moestitia,
518 667 562 719 vel
584 666 726 720 alacritate
750 676 879 719 eventum
902 668 1029 719 futurum
1052 669 1192 725 dimica

123 737 181 788 turi
197 737 336 801 colligere.
354 765 387 777 -
422 746 467 795 83.
486 736 617 788 Pilumno
636 744 703 797 etc.;
728 738 767 787 uit
783 737 913 787 Horatiru
931 737 961 788 in
978 747 1041 790 arte
1058 738 1192 809 poetin:

124 803 225 873 (339·):
249 804 307 858 Nec
326 809 511 875 quodcunque
529 806 612 868 velit,
635 818 733 872 poscat
756 807 814 856 sibi
832 805 940 874 sabula
966 808 1053 857 cradi.
1091 806 1192 863 ΠΜ

123 872 224 926 critici
245 874 358 945 culpant
380 877 434 927 hoo
457 877 518 928 loco
543 874 703 942 Virgilium,
731 870 868 939 dicentes,
895 876 1086 943 incongruum
1110 882 1192 931 eiua

121 945 294 1011 figmentum.
330 947 458 1013 Namque
475 942 601 1010 Orithyia
617 960 683 993 cum
698 943 871 995 Atheniensis
896 944 996 1009 luerit,
1021 943 1084 1003 filia
1100 944 1192 999 ua:

122 1015 248 1080 rigente,
263 1020 292 1065 et
308 1032 326 1067 a
342 1015 432 1067 Borea
448 1013 478 1064 in
495 1011 647 1063 Thraciam
662 1019 743 1081 rapta
759 1013 802 1078 sit,
818 1012 1057 1080 quemadmodum
1076 1008 1192 1083 positi

122 1081 263 1146 Pilumno,
279 1083 327 1150 qni
344 1090 405 1137 erat
421 1082 451 1134 in
468 1080 561 1145 ltalia,
578 1096 661 1149 equos
678 1080 764 1134 dare?
799 1081 894 1131 Decus
912 1082 1006 1145 dedit,-
1031 1080 1069 1132 ad
1086 1088 1192 1137 στί.

121 1160 264 1203 mentum:
281 1159 312 1201 ut
329 1156 390 1217 (11,
406 1150 494 1211 657.):
517 1148 598 1214 Quas
617 1152 680 1215 ipra
699 1150 784 1201 decus
802 1152 860 1200 sibi
878 1150 927 1200 dia
947 1150 1073 1201 Camilla
1093 1151 1192 1207 delen

122 1222 174 1287 git.
208 1217 279 1271 Sane
297 1220 343 1270 hic
359 1236 451 1271 versus
468 1212 637 1280 σπονδιᾶζων
654 1228 701 1289 est
743 1220 817 1270 Nam
835 1217 898 1286 thyi
915 1217 1110 1287 diphthongus
1126 1234 1192 1275 s·-

122 1292 240 1340 (s'raeoa.
264 1314 299 1325 ·-
340 1294 384 1346 84.
411 1287 471 1354 Qui
495 1290 616 1338 candore
641 1297 705 1347 otc.;
728 1288 845 1339 Homeri
870 1292 960 1341 versus
983 1288 1109 1340 verbum
1130 1304 1192 1343 u

34 1374 37 1381 ’
122 1359 239 1417 verbum
261 1357 310 1424 [(Il.
327 1376 359 1420 a,
375 1358 460 1418 437·):
485 1353 654 1425 Aeoadrepos
680 1359 783 1423 plorat,
810 1359 899 1409 deleta
921 1351 944 1408 δ’
969 1351 1114 1424 oirs'paoosr
1132 1346 1192 1417 ’ἢ

123 1425 220 1495 poton]
238 1453 272 1463 —
306 1431 349 1483 85.
368 1425 484 1492 Propert'
501 1430 638 1494 aurigae,·
661 1426 767 1491 festini,
783 1426 901 1478 veloces:
918 1433 947 1478 et
964 1428 1019 1478 erit
1036 1427 1192 1483 nomi-

120 1499 192 1547 tivns
210 1495 256 1545 hic
269 1511 412 1560 properus.
449 1497 576 1563 Aurigae
595 1503 687 1547 autem
705 1511 756 1562 pro
775 1495 938 1563 agasonibus
956 1495 1056 1562 posuit.
1093 1496 1192 1551 Nan

122 1567 243 1631 aurigae
260 1564 373 1633 proprie
390 1571 453 1615 sunt
471 1581 567 1616 currus
584 1571 721 1631 repentes.
733 1591 767 1601 —
802 1570 846 1620 87.
863 1564 987 1629 Albaque
1002 1563 1192 1623 oricholofl

121 1633 195 1704 apud
213 1634 333 1684 utaiores
350 1630 524 1683 orichalcum
542 1633 687 1704 pretiosius
704 1630 821 1684 metallis
839 1631 966 1683 omnibus
982 1633 1044 1684 luit.
1078 1632 1192 1693 Na*

121 1719 177 1771 que
195 1702 264 1752 sicut
280 1699 425 1752 Lucretius
442 1702 523 1753 dicit:
548 1702 622 1752 Cum
646 1705 770 1772 primmn
787 1701 914 1752 homines
930 1700 1009 1752 silvas
1026 1700 1192 1757 inconditi

122 1779 197 1836 seut,
219 1770 359 1822 nullarum
375 1769 466 1821 adhuc
490 1787 587 1821 rerum
610 1770 708 1838 periti,
729 1778 806 1821 terra
822 1787 888 1820 casu
910 1770 1008 1821 fertilis
1027 1771 1192 1826 omnimt:

122 1857 155 1892 er
171 1836 293 1891 incendii
309 1838 401 1889 calore
418 1839 561 1892 desudavit
576 1839 701 1890 metalla:
726 1839 799 1891 iuter
817 1855 888 1906 quae
906 1838 1084 1889 orichalcum
1101 1858 1192 1911 με

122 1908 218 1960 tiosius
234 1908 322 1958 visum
340 1914 395 1971 est,
413 1908 486 1976 qtiod
505 1917 534 1959 et
548 1908 725 1978 splendorem
742 1907 804 1960 auri
821 1915 850 1963 et
866 1908 937 1959 aeris
951 1909 1085 1959 duritiem
1102 1924 1192 1977 po·

121 1977 232 2029 sideret.
265 1976 394 2042 Namque
419 1977 544 2046 primum
561 1980 595 2031 de
613 1993 682 2028 auro
698 1975 802 2030 securis
825 1977 899 2029 facta
923 1975 1063 2046 displicuit
1079 1994 1192 2043 caim:

121 2044 263 2098 mollitiei:
292 2043 376 2095 simili
399 2046 507 2098 ratione
532 2054 560 2097 et
584 2045 695 2115 argenti
717 2053 892 2116 contemptus
918 2053 959 2095 est
989 2061 1069 2111 usus,
1099 2062 1176 2107 ωας-

121 2115 208 2168 aeris:
239 2111 415 2165 orichalcum
439 2113 556 2181 placuit,
587 2115 674 2167 donec
697 2115 837 2167 veniretur
860 2114 895 2166 ad
918 2114 1033 2165 ferrum.
1085 2114 1173 2181 Uffl‘,

117 2185 208 2236 ,etiam
225 2182 317 2233 secula
333 2181 373 2234 ita
389 2182 519 2233 dicuntur
535 2183 619 2234 luisse
635 2183 728 2236 divisa.
764 2181 948 2233 orichalcum
966 2190 1062 2234 autem
1080 2184 1177 2253 indeq

119 2253 273 2324 pretiosum
292 2249 378 2302 etiam
394 2250 505 2301 Plautus
522 2250 616 2318 docet,
639 2253 687 2320 qui
710 2251 749 2304 ait
770 2251 800 2303 in
818 2251 909 2303 Milite
932 2250 1051 2318 glorioso
1071 2255 1117 2320 (of.
1131 2248 1192 2321 ’ΝΥ

121 2330 154 2386 1,
171 2321 239 2381 bul:
264 2320 322 2387 Ego
348 2321 417 2371 istos
442 2336 533 2370 moras
558 2319 701 2373 orichalco
721 2332 819 2373 contra
838 2337 1001 2386 comparem.
1037 2320 1169 2390 Alioqui?

123 2389 283 2453 orichalco,·
308 2388 369 2438 auri
387 2388 490 2439 scilicet
507 2390 726 2459 comparatione·
760 2389 834 2441 Nam
851 2391 912 2459 [per
930 2387 971 2453 se]
989 2389 1087 2441 album
1104 2410 1122 2443 n
1156 2380 1175 2453 ”2

120 2467 168 2510 est.
182 2484 217 2496 -
251 2463 295 2514 88.
316 2455 482 2508 circumdat
500 2458 620 2510 loricam
637 2458 780 2521 humeris,·
799 2474 856 2509 non
874 2465 999 2510 armatur
1017 2459 1074 2511 hoc
1100 2406 1177 2529 0³¹

120 2527 168 2579 sed
186 2524 324 2597 explorat,
347 2532 441 2576 utrum
459 2542 538 2577 arma
556 2536 621 2594 apte
638 2535 666 2579 et
688 2543 813 2595 congrue
830 2526 887 2578 eius
904 2526 1041 2578 membris
1064 2528 1162 2595 inber-'p
1182 2562 1192 2575 >.

120 2603 209 2648 reant.
244 2597 328 2662 Apias
344 2592 488 2660 habend03
512 2594 548 2646 ad
564 2595 738 2659 habendum,
757 2602 787 2645 ut
803 2610 927 2662 congrue
943 2595 1047 2663 possint
1064 2597 1163 2650 inhio-i
1184 2596 1192 2623 '·

120 2681 191 2717 rere
211 2690 245 2700 -
280 2662 594 2725 sacamentum
618 2666 636 2717 i.
655 2684 678 2717 e.
702 2680 811 2715 comas:
835 2680 903 2731 quas
927 2664 1030 2715 Graeci
1057 2662 1171 2734 ripas&

120 2733 310 2785 nominabant.
357 2732 435 2784 Unde
460 2739 489 2783 et
512 2735 610 2802 κείρειν
632 2734 728 2785 dictmt
749 2733 874 2785 tondere.
925 2732 1040 2783 Cornua
1064 2743 1161 2789 autem
1181 2744 1192 2784 ἰ

120 2810 185 2852 suut
208 2801 320 2871 proprie
337 2800 466 2851 cincinni.
484 2827 519 2839 --
563 2811 606 2858 90.
624 2802 703 2852 Deus
722 2803 781 2870 ipre
799 2804 912 2867 parenti
930 2800 1061 2868 Fecerat5
1087 2805 1158 2870 ³9⁸5

120 2870 238 2935 dicaret,
261 2885 320 2921 uon
343 2887 394 2939 per
418 2869 568 2921 ministros.
602 2870 701 2922 Statius
719 2871 820 2937 (Theb.
837 2878 870 2934 2,
888 2871 974 2930 275.):
998 2870 1050 2921 Sed
1089 2875 1156 2925 luri·
1186 2908 1190 2913 -

121 2957 184 2993 mus
205 2940 262 3004 ipsi
278 2940 370 2989 Sudor
389 2940 431 2988 ihi
448 2937 492 3005 (al
510 2940 582 3000 itan
598 2939 689 2991 Guelf.
708 2940 728 2990 I.
753 2941 826 3006 ipsis
850 2940 1023 3000 sudoribus).
1083 2950 1168 2995 tno·.

120 3009 249 3070 latidum,
266 3007 339 3073 quod
356 3009 487 3059 affectate
505 3007 665 3073 variaverit,
689 3015 719 3058 ut
736 3011 846 3061 Aeneae
861 3024 916 3060 uno
933 3009 996 3060 loco
1013 3022 1095 3062 arma
1113 3012 1167 3064 de·-
1189 3046 1192 3055 ι

119 3076 267 3131 scriberet:
287 3076 374 3125 'turni
393 3091 457 3130 vero
474 3076 520 3127 hic
539 3075 663 3141 hastam,
680 3075 803 3144 gladium
820 3088 848 3129 et
864 3078 997 3141 loricam,
1013 3078 1043 3129 in
1062 3072 1168 3132 octavoi

120 3151 217 3200 autem
234 3154 342 3195 scutum
366 3150 394 3194 et
411 3144 527 3211 galeam.
547 3174 581 3186 -
616 3151 660 3203 91.
678 3146 776 3213 Stygia
799 3148 892 3209 unda,-
918 3147 995 3213 quasi
1012 3147 1188 3203 immorta·.'

120 3212 177 3265 lem
195 3214 307 3264 fecerat.
326 3238 360 3248 -
395 3218 438 3268 92.
456 3213 548 3276 Exim
574 3214 682 3266 deinde.
717 3214 789 3266 Nam
807 3217 910 3265 ordinis
929 3223 970 3265 est
986 3216 1169 3273 adverbium..

121 3281 236 3349 Ingenti
266 3282 375 3332 adnisa
407 3281 570 3343 columnae,
599 3283 693 3334 hastae
724 3301 776 3353 per
804 3283 965 3334 columnam
994 3286 1177 3352 exprimittu··

120 3349 298 3418 magnitudo:
317 3349 386 3399 sicut
403 3351 432 3400 in
449 3352 567 3421 septimo
585 3350 668 3418 (275.)
685 3367 837 3423 equorurm
854 3361 898 3405 ut:
920 3352 1039 3405 Stabant
1056 3348 1168 3408 terren-'¹

122 3431 180 3470 tum
206 3419 297 3471 nitidi
324 3419 355 3467 in
378 3421 559 3486 praesepibus
585 3422 660 3473 altis.
685 3446 719 3459 ·-·
761 3426 806 3478 93.
834 3422 883 3482 νίς
906 3423 1013 3475 virtute.
1038 3451 1073 3463 -·-
1117 3429 1161 3483 94.

121 3488 233 3542 Actoris
257 3487 387 3537 Aurunci
411 3489 550 3553 spolium3
577 3490 618 3540 vel
642 3489 715 3557 quod
738 3491 831 3543 Actori
854 3492 1010 3543 detraxerat
1034 3493 1161 3549 'l'urnusr
1190 3506 1192 3511 '

121 3555 163 3611 vel
179 3555 253 3625 quod
265 3557 349 3609 Actor
366 3556 478 3608 crudam
493 3557 581 3608 alteri.
615 3559 689 3609 Nam
702 3558 833 3626 aruhigua
847 3562 944 3631 posuit.
979 3559 1166 3630 Quassatque

121 3637 295 3681 ormontem
318 3633 442 3693 quassat,
466 3632 493 3676 et
509 3632 631 3677 tremere
655 3628 729 3681 lacit.
747 3656 780 3665 -
815 3634 859 3686 95.
882 3628 1066 3696 Vociferans;
1089 3634 1163 3684 haec·
1178 3656 1185 3679 .·

122 3694 227 3750 scilicet
243 3709 314 3763 quae
330 3692 452 3742 dicturus
478 3702 526 3745 est.
560 3695 727 3767 Plerumque
751 3697 827 3750 eslim
849 3686 894 3750 ita·
912 3698 1017 3750 clamor
1041 3702 1160 3756 ostendi·

120 3768 182 3830 tar,
210 3770 240 3813 ut
266 3761 358 3813 statim
383 3762 467 3834 ipsius
492 3762 621 3814 clamoris
645 3767 733 3817 verha'
752 3767 929 3829 subdantur,
943 3770 982 3818 sic
1007 3786 1090 3840 supra
1117 3775 1159 3836 (7,

121 3830 207 3892 3990:
232 3830 409 3896 Tuscumque
437 3844 542 3896 repente
562 3832 710 3885 Claranum
737 3849 847 3886 matres.
881 3837 952 3887 Sarte
976 3855 1050 3890 nunc
1067 3840 1113 3891 ita·
1124 3840 1160 3893 ad

120 3899 244 3964 hastam,
268 3899 346 3965 quasi
363 3900 398 3951 ad
415 3899 537 3967 aliquam
561 3917 707 3969 personum
731 3905 869 3972 loquitur,
893 3913 920 3956 et
943 3907 968 3957 ei
984 3896 1160 3961 intellecturis

88 4023 90 4027 ,
122 3977 150 4019 et
166 3968 292 4037 auditum
309 3969 370 4032 dat,
393 3969 463 4017 sicut
480 3968 578 4019 Cicero
604 3972 651 4036 (in
670 3973 749 4023 Catil.
769 3981 798 4036 1,
815 3976 850 4034 7.)
875 3976 958 4025 verba
974 3975 1163 4043 reipublicue3
1190 3967 1192 3975 ¹

84 4085 85 4088 ,
121 4035 174 4086 Sed
195 4037 242 4088 ille
261 4037 312 4088 ait:
336 4036 367 4086 Si
384 4038 519 4103 [patriam
540 4037 635 4104 loqui]
653 4052 746 4106 posset
759 4041 837 4109 fieri.
873 4044 984 4096 Turnus
1000 4061 1066 4097 vero
1085 4044 1162 4114 quasi

93 4122 97 4137 ‘
192 4127 195 4162 t
