2430 4620
151 328 191 372 n«
216 253 574 411 praetereunti..
597 299 677 366 trs.
696 301 752 379 x1,
775 260 973 373 tte-too.
1054 303 1095 373 ts

30 494 155 550 ,familia
180 493 323 545 fimestata
346 490 388 543 sit.
431 490 507 558 Ergo
530 480 576 542 lsic
600 491 703 542 merito
726 488 854 543 Pallantis
878 490 961 543 funus
987 485 1095 542 lacibus

21 598 25 611 ·
53 565 226 627 celebratur,
243 570 284 612 ‚ut
305 559 362 611 filii.
395 559 450 611 Alii
472 561 543 610 sieut
560 560 646 611 Varro
672 566 699 611 et
716 560 828 610 Verrius
851 560 963 613 Flaccus
987 559 1095 611 dicunt:

53 629 309 695 &filiusfamilias
331 636 408 681 extra
425 628 530 680 Urbem
549 628 678 692 decessit,
702 627 795 679 liberti
819 630 958 697 amicique
984 628 1095 679 obviam

55 703 222 774 procedunt,
248 707 276 752 et
292 697 471 751 subnectam
488 698 517 748 in
535 697 635 753 urbem
652 697 771 747 insertur
795 698 824 748 in
844 703 929 760 (curn)
946 698 1034 750 cereis
1051 698 1093 749 fa·

56 772 142 836 tibris,
165 767 325 839 [quoniam]
343 766 579 834 praelucentibus,
603 766 638 817 ad
655 766 731 815 cuius
749 766 889 834 exsequias
912 783 995 819 nemo
1012 782 1094 831 roga·

56 840 141 893 batur.
176 838 253 891 Sane
270 836 340 899 baec
358 851 476 901 corpora
499 836 555 886 siva
572 836 671 904 proiici
689 832 858 886 iubebantur
877 844 906 888 et
923 854 940 887 a
959 836 1094 901 cadendo,

56 911 107 961 sive
130 909 205 975 quod
222 905 365 974 sepultura
391 905 539 969 carebant,
562 904 699 954 cadavera
723 904 815 968 dicta]
834 931 867 942 -
903 909 964 961 144.
981 904 1094 956 Discri-

59 981 161 1041 minat;
187 976 294 1029 dividit
332 972 409 1024 Unde
428 980 457 1023 et
474 973 623 1024 discrimen
640 974 738 1043 capitis
755 974 900 1024 muliebris
917 974 1034 1038 dicitur,
1050 977 1093 1043 [ex

59 1044 183 1115 eoquod
208 1051 295 1111 caput
317 1058 385 1092 atrro
409 1042 560 1093 discernat.
585 1068 619 1079 -
665 1046 724 1101 146.
748 1042 913 1101 succedam
940 1051 970 1094 ut
994 1046 1093 1109 (103.):

35 1172 38 1179 Ι
62 1114 172 1165 Tumulo
201 1116 310 1164 sineret
334 1113 478 1161 succedere
502 1113 610 1181 terrae]
627 1136 661 1147 -
707 1115 766 1167 147.
786 1112 937 1176 Ιηοιάιιηι,·
961 1112 1094 1182 implent:

65 1191 93 1234 ut
107 1188 158 1249 (1⁰,
175 1184 269 1241 89st
289 1179 415 1230 Clamore
433 1181 588 1235 incendunt
603 1181 709 1230 caelum
726 1180 865 1247 Troesque
880 1181 1041 1248 Latinique.
1059 1206 1094 1217 -

33 1248 39 1259 '
67 1256 119 1309 m.
141 1251 193 1303 Vis
221 1252 299 1313 ulla;
324 1266 375 1299 nec
398 1249 495 1301 aetatis
512 1249 700 1312 imbecillitas,
724 1266 774 1300 nec
799 1252 929 1303 severitas
952 1252 1039 1318 regia.
1058 1275 1093 1288 -

65 1326 115 1377 149.
131 1320 246 1372 Feretro
263 1319 389 1369 Pallante
409 1330 532 1384 reposta,·
551 1318 568 1368 i.
581 1336 604 1370 e.
622 1318 710 1386 posito
728 1318 855 1369 Pallantis
873 1321 985 1371 feretro.
1019 1320 1094 1371 Nam

48 1389 202 1457 ttntiprosis
220 1396 270 1441 est.
289 1412 324 1425 -
360 1385 673 1445 152.1t⁷0nhaesetc.;
698 1388 795 1456 duplex
814 1388 944 1456 expositio
968 1396 1023 1440 est:
1046 1397 1094 1441 aut

64 1458 130 1509 euim
145 1458 201 1509 bu'c
220 1458 301 1509 dicit:
325 1455 388 1507 Non
404 1454 474 1505 mihi
491 1456 557 1508 talia
581 1455 777 1525 promittebas,
801 1464 832 1507 ut
848 1458 1006 1519 crederem,
1031 1474 1095 1510 cart·

42 1526 110 1585 ,tias
128 1534 158 1577 te
179 1527 396 1585 dimicaturum
426 1532 457 1574 ut
486 1525 671 1592 intelligamus
696 1524 918 1592 proticiscentem
942 1526 1093 1579 Pallantem

64 1595 213 1665 promisisse
230 1595 304 1663 petri
321 1594 480 1658 victoriam,
496 1593 609 1645 caedem
628 1594 756 1659 hostium,
775 1594 893 1661 plurima
909 1595 1005 1663 spolia.
1039 1596 1094 1664 Qui

66 1664 133 1715 enim
148 1665 220 1717 baec
237 1664 357 1731 cogitat,
381 1662 504 1714 cautelae
521 1663 704 1728 obliviscitur,
728 1664 855 1715 aviditate
878 1663 1020 1715 vincendi:
1045 1674 1094 1716 aut

66 1742 132 1785 certe
148 1750 224 1798 nan,
240 1748 294 1803 pro
313 1748 408 1798 nempe
425 1732 608 1799 accipiamus,
631 1739 661 1782 ut
677 1732 707 1782 in
725 1732 856 1785 Terentio
875 1730 1000 1799 (Adelph.
1018 1737 1050 1798 4,
1067 1744 1093 1799 2,

66 1802 130 1865 21.):
146 1802 214 1854 Non
233 1815 264 1852 tu
282 1801 358 1850 bunc
375 1800 419 1867 (al.
436 1801 510 1862 eum)
530 1818 579 1851 rus
596 1801 721 1865 produce
739 1814 762 1851 te
781 1803 879 1852 aiebas
896 1802 939 1869 (al.
960 1819 1009 1853 rus
1026 1801 1094 1853 binc

67 1873 138 1923 uodo
157 1891 198 1938 pr.
218 1890 259 1935 a.;
278 1870 313 1920 R.
330 1871 473 1936 prodisse,
491 1872 550 1919 Vos.
567 1872 707 1934 prodiisse
726 1873 818 1937 egeln,
843 1871 913 1922 Dan.
931 1870 1012 1923 Febr.
1028 1890 1092 1938 pro·

69 1940 174 1991 lusisse
192 1954 218 1990 te
237 1942 291 2001 ai.;
310 1938 400 1988 (iuelf.
417 1941 437 1989 1.
450 1939 481 1988 ll.
501 1940 669 2004 produxisse
689 1941 764 2006 agab.
784 1957 804 1990 s.
822 1940 923 2001 alebi?
942 1940 959 1990 i.
974 1959 998 1991 e.
1014 1940 1094 2008 [non-

67 2009 120 2074 πῃ]
137 2027 257 2077 nempe;
281 2015 312 2058 ut
328 2023 402 2057 nunc
420 2008 454 2056 sit
470 2002 577 2061 sensus:
600 2008 707 2077 Nempe
724 2009 794 2058 mihi
811 2009 880 2060 haec
898 2009 1014 2060 dederas
1030 2026 1094 2080 pro·

68 2078 142 2130 missa
155 2079 306 2141 discedens,
324 2076 389 2144 quia
406 2076 512 2126 cautius
529 2078 620 2127 literas
632 2077 824 2129 dimicaturus:
844 2078 901 2144 [alii
912 2093 969 2128 non
982 2083 1094 2143 parenti

66 2147 107 2199 sed
121 2150 226 2215 petenti
242 2148 348 2213 legunt,
364 2151 395 2194 ut
411 2160 467 2195 non
484 2145 545 2195 iure
562 2146 713 2197 affectionis
731 2162 816 2214 quam
833 2147 904 2197 iilius
922 2147 994 2215 patri
1012 2146 1095 2200 debe-

66 2212 125 2281 bat,
149 2217 197 2269 sed
213 2213 394 2267 humanitatis
418 2230 483 2265 eum
506 2215 654 2266 convenire
672 2215 803 2267 videatur.
838 2214 945 2267 Petenti
968 2215 1054 2283 milri,
1078 2233 1094 2267 o

65 2282 148 2350 Palla,
169 2284 256 2337 fidem
280 2283 395 2335 dederas
415 2289 445 2334 te
468 2283 573 2334 cautius
598 2299 683 2351 quiam
706 2284 804 2335 lortius
827 2282 1037 2348 dimicaturum,
1067 2294 1096 2339 et

66 2352 215 2419 affirment,
238 2354 261 2406 si
284 2352 396 2420 parenti
411 2350 560 2418 legendum
577 2361 662 2416 esset,
679 2354 798 2421 potuisse
815 2352 883 2403 dici:
908 2352 973 2403 Non
992 2354 1059 2404 baec
1078 2373 1093 2406 o

37 2426 43 2455 ·'
60 2420 109 2489 tta·
130 2423 247 2473 dederas
272 2424 413 2489 promissa
437 2423 556 2487 parenti.
602 2421 654 2471 Alii
677 2423 746 2474 baec
770 2416 844 2473 sard
863 2414 896 2474 eti
922 2418 1095 2492 σιωπώμενον

63 2491 133 2543 dicta
155 2491 244 2561 accipi
267 2488 379 2554 nolluit]
396 2514 432 2529 -
468 2493 526 2547 154.
553 2489 588 2538 In
612 2495 717 2555 armis,-
742 2492 814 2561 apud
840 2502 995 2558 armatum,
1019 2495 1096 2544 cuius
1121 2496 1125 2502 '

64 2560 205 2612 consilium
222 2560 322 2631 cupido
346 2557 476 2610 victoriae
498 2558 662 2627 plerumque
686 2559 840 2611 conturbat.
857 2587 890 2599 -
925 2568 987 2620 155.
1002 2561 1096 2631 [Prae-

64 2630 139 2681 dulce
166 2632 249 2680 decus
256 2653 267 2694 ,-
291 2635 339 2680 aut
360 2628 438 2679 valde
461 2626 555 2689 dulce,
579 2636 626 2678 atrt
650 2630 725 2696 quasi
750 2629 941 2680 immaturum.
958 2658 991 2667 —
1035 2638 1096 2689 156.

64 2696 223 2759 Primitiae;
246 2698 419 2760 rudimenta,
443 2697 522 2764 quasi
548 2696 676 2748 Troiani.
712 2698 837 2763 Bellique
862 2701 1016 2767 propinqui
1024 2717 1031 2760 ;
1054 2700 1096 2752 vel

62 2770 131 2835 quod
156 2776 221 2819 ante
247 2776 389 2819 maturam
413 2772 533 2817 aetatem
559 2767 686 2817 Pallantis
710 2769 830 2827 venerit,
861 2776 908 2819 aut
932 2769 1096 2835 propinqui,

61 2836 177 2887 nimium
193 2836 292 2901 vicini,
317 2850 371 2901 quo
389 2834 476 2885 Pallas
492 2836 564 2886 mitti
580 2844 679 2905 posset.
714 2835 784 2888 Sane
808 2836 862 2887 hoc
885 2835 991 2888 bellum
1008 2839 1095 2888 Anta-

63 2906 135 2955 eium
157 2905 250 2957 vocari
273 2900 397 2967 solitum,
420 2902 494 2970 quod
517 2904 553 2953 sit
575 2911 639 2959 ante
656 2906 763 2956 Urbem
788 2906 864 2973 quasi
887 2915 951 2956 ante
969 2910 1045 2958 Aras.
1061 2934 1096 2944 —

61 2980 118 3033 157.
135 2973 237 3038 Duru;
263 2973 364 3023 misera
387 2979 416 3022 et
436 2971 577 3038 infelicia]
594 3000 628 3010 -
665 2981 723 3031 158.
746 2975 814 3026 Veto
832 2992 978 3042 precesque
1004 2994 1096 3041 meae,·

60 3058 139 3112 supra
156 3044 238 3110 (50.):
260 3042 332 3093 Fors
352 3052 376 3090 et
393 3053 457 3091 voto
476 3042 561 3109 facit.
596 3042 705 3110 [Tuque
730 3062 745 3094 o
770 3047 953 3094 sanctissima
973 3048 1095 3110 canius3

62 3126 186 3162 sanctum
211 3128 269 3163 non
292 3126 402 3180 semper
426 3126 536 3161 sacrum
553 3128 643 3177 neque
660 3112 821 3179 religiosum
840 3122 894 3176 est,
919 3122 949 3162 ut
965 3113 1026 3179 hic,
1048 3114 1098 3166 ubi

38 3218 41 3223 .
61 3183 241 3233 sanctissima
266 3180 446 3246 incorruptae
462 3180 592 3230 castitatis
610 3180 760 3245 significat,
785 3182 857 3234 unde
883 3190 910 3233 et
927 3196 1041 3233 sanctae
1060 3184 1096 3234 le·

60 3268 106 3316 ges
129 3250 321 3320 appellantur,
345 3264 416 3314 quae
440 3263 530 3315 neque
553 3258 702 3317 corruptae
726 3259 804 3315 sunt,
833 3264 923 3318 neque
953 3251 1098 3318 corrumpi

119 3318 189 3383 unt]
206 3346 240 3356 -
284 3321 344 3374 159.
369 3315 448 3366 Felix
473 3328 558 3367 inerte
584 3329 649 3380 tuo,·
675 3336 708 3368 ea
732 3327 805 3369 sorte
829 3321 891 3371 felix
915 3336 985 3387 quae
1010 3320 1098 3373 ceteri

60 3335 216 3452 ddidndurj
250 3387 298 3454 [Et
315 3385 388 3436 bene
405 3393 468 3446 tua,
485 3404 521 3437 ne
539 3393 569 3435 ut
585 3387 644 3453 ipse
661 3385 710 3436 filii
728 3396 819 3439 morte
837 3389 916 3440 lieret
932 3387 1045 3453 infelix]
1062 3416 1097 3427 —-

60 3461 117 3513 150.
139 3456 265 3507 Vivendo
284 3457 343 3505 vici
361 3472 420 3504 mea
434 3455 518 3522 fatn;
544 3454 590 3504 diu
607 3455 727 3506 vivendo.
762 3457 799 3505 Ut
815 3457 844 3508 in
862 3457 997 3507 Bucolicis
1013 3460 1054 3522 (E.
1072 3463 1097 3522 9,

60 3525 107 3585 2.):
130 3525 157 3576 Ο
182 3523 294 3591 Lycida
320 3526 381 3573 vivi
404 3526 590 3589 pervenimus.
637 3523 700 3574 Vici
724 3533 818 3576 autern
844 3544 902 3574 mea
923 3527 1007 3594 fata:
1032 3526 1051 3577 i.
1071 3545 1095 3578 e.

59 3593 213 3645 naturalem
231 3592 360 3643 ordinem
377 3592 432 3643 vita
457 3593 582 3659 longiore
604 3595 743 3659 superavi3
769 3596 816 3661 [an
839 3596 892 3645 hoc
917 3603 1042 3658 tantum,
1066 3602 1098 3645 ut

60 3671 192 3731 superstes
216 3678 306 3713 essem
329 3661 384 3712 filio
411 3659 509 3726 meol]
533 3677 654 3727 namque
680 3662 726 3713 hic
745 3665 813 3714 ordo
838 3664 970 3715 naturalis
989 3671 1041 3721 est,
1066 3669 1098 3713 ut

59 3730 110 3781 sint
125 3730 290 3801 parentibus
303 3729 462 3797 superstites
480 3728 570 3780 liberi.
605 3729 629 3777 F
629 3742 675 3778 ata
690 3732 770 3797 [eius]
786 3747 853 3799 ergo
867 3732 1010 3799 generalia
1022 3730 1097 3797 dixit,

59 3800 183 3871 repereris
204 3815 236 3850 se
259 3799 295 3849 ad
318 3798 475 3849 naturalem
500 3799 643 3862 ordinem,
675 3815 731 3850 non
759 3802 794 3852 ad
824 3802 911 3852 fatum
942 3799 1095 3869 proprium.

61 3866 128 3919 Nam
152 3868 211 3920 fata
235 3884 367 3937 superare
391 3883 473 3918 nemo
501 3867 647 3917 hominum
672 3877 769 3933 potest.
804 3870 883 3920 Unde
901 3870 982 3920 multi
999 3869 1037 3918 sic
1055 3866 1096 3917 di-

62 3936 213 4004 stinguunt:
238 3938 345 3988 Contra
370 3950 421 4003 ego
447 3936 559 3986 vivendo
584 3935 636 3985 vici
660 3938 760 4001 vitam,
784 3938 886 3989 scilicet
910 3939 967 3988 tilii.
1001 3935 1037 4002 [Ι.
1056 3952 1095 4003 e.,

68 4002 203 4071 supervixi
247 4006 368 4057 Veteres
384 4004 460 4055 enim
484 4005 602 4054 vivendo
629 4007 739 4057 vincere
761 4006 892 4057 dicebant
913 4003 1095 4070 supervivere,

68 4075 157 4141 HG.
174 4083 209 4143 2,
233 4074 320 4137 295.):
351 4072 447 4127 Multa
472 4075 567 4125 virum
593 4075 707 4126 volvens
732 4076 851 4128 vivenda
876 4075 971 4127 secula
996 4075 1094 4139 uincit,
