2430 4620
133 264 202 329 160
384 252 525 319 saum
549 254 905 319 COMMENTARIUS

138 442 217 495 luno.
261 440 333 493 Nam
362 456 446 493 nuces
468 440 497 492 in
527 442 613 493 tutela
644 449 707 491 siant
730 438 809 491 lovis.
847 438 927 491 Unde
958 446 986 490 et
1006 436 1166 507 'iuglandes

138 514 279 575 vocantur,
295 511 371 577 quasi
389 510 456 559 lovis
474 510 595 577 glarrdcs.
628 510 700 559 Nam
716 508 783 559 illud
800 506 913 573 vulgare
929 516 978 570 est,
994 508 1061 559 ideo
1077 504 1166 575 spargi

140 594 241 641 nuces,
262 585 292 627 ut
308 578 478 647 rapientibus
496 580 587 644 pueris
611 576 658 628 fiat
681 578 822 643 strepitus,
844 594 880 626 ne
898 575 1004 645 puellae
1022 590 1073 625 roa
1090 576 1167 643 virgi·
1200 600 1211 611 ··

142 646 258 699 nitatem
282 647 441 715 deponentis
465 648 548 713 possit
564 646 661 695 audiri.
693 646 778 697 blodo
797 652 890 697 tamen
908 645 970 695 ideo
988 644 1042 694 ait:
1068 642 1166 713 Sparge

140 716 242 767 marite
258 730 355 777 nuces,
378 722 409 765 ut
425 730 490 767 eum
507 714 631 783 culparet
654 714 794 765 inlsmiae.
828 710 902 764 Nam
926 712 1067 763 rueritorii
1086 710 1168 780 pueri,

141 781 161 837 i.
185 801 210 833 e.
230 784 368 847 catamiti,
390 782 488 850 quibus
512 783 628 833 licenter
652 784 800 835 utebantur
824 782 947 848 antiqui,
968 781 1167 831 recedentem

141 850 218 919 turpi
234 853 357 916 secutio,
373 868 456 903 mices
472 854 648 919 sparget-aut,
665 850 683 901 i.
701 870 724 903 e.
741 850 836 901 ludum
854 850 1003 917 pueritiae:
1022 858 1053 897 ut
1070 848 1092 898 si
1131 846 1167 897 ili·
1208 878 1211 885 ·

142 932 253 983 carent,
275 936 304 971 aa
329 920 444 989 puerilia
469 930 566 971 cuncta
591 923 647 969 iam
673 936 811 985 spernere.
845 918 952 967 Dicitur
969 917 1060 968 etiam
1080 917 1086 926 '
1107 930 1168 967 eos

142 1003 213 1043 novo
230 988 329 1039 marito
346 1004 431 1039 uuces
447 989 539 1058 spargi
557 990 675 1051 debere,
698 988 771 1055 quod
791 989 928 1056 proiectae
946 986 975 1035 iu
1001 994 1110 1036 terram
1124 982 1168 1035 tri·
1207 1038 1211 1043 ,

141 1056 257 1129 pudium
273 1056 435 1107 solistimum
457 1058 572 1121 lac-iant,
597 1057 670 1125 (prod
694 1056 847 1125 auspicium
871 1054 907 1105 ad
928 1070 990 1105 rem
1008 1052 1168 1105 ordiendam

143 1126 282 1193 optimum
299 1132 352 1176 est:
375 1125 418 1175 rcl
433 1126 494 1177 idco
520 1144 536 1176 n
560 1127 652 1193 pueris
669 1124 852 1192 aspergendus
869 1138 953 1173 nuces
969 1138 1037 1171 cum
1055 1120 1167 1187 strepitu

143 1202 174 1246 et
190 1192 311 1245 contricio
328 1192 463 1260 flagitari,
487 1194 604 1261 nequid
629 1209 697 1243 nora
722 1202 807 1258 nupta
825 1192 918 1244 audiat
934 1191 1097 1255 adversum,
1118 1202 1167 1258 quo
1207 1222 1211 1251 ·.

142 1261 201 1315 (lies
219 1263 378 1329 nuptiarum
395 1261 549 1313 dirimatur.
584 1261 703 1327 Quiri-sm
725 1268 836 1329 putant,
862 1258 936 1327 quod
958 1259 1028 1311 baec
1053 1274 1116 1309 esca
1136 1254 1169 1309 ad
1208 1316 1211 1321 ,

141 1330 311 1385 incitandam
334 1346 462 1381 venerem
487 1330 575 1381 locist.
609 1332 679 1382 Sarra
702 1330 795 1380 [abida
818 1330 853 1381 de
876 1330 952 1379 nucis
978 1328 1091 1394 origine
1112 1324 1167 1377 talis
1208 1364 1211 1393 :

142 1407 196 1450 est:
220 1396 293 1448 Dion
310 1414 357 1448 rex
378 1398 516 1449 Laconiae
532 1400 598 1461 luit,
625 1400 672 1465 qui
695 1399 794 1449 babuit
814 1412 930 1448 uxorem
952 1396 1094 1465 lpbiteam
1106 1394 1186 1455 Pron

143 1466 208 1535 gnei
232 1466 333 1529 filiam,
360 1483 430 1533 quse
454 1483 519 1515 cum
542 1467 697 1533 Apollini-m
726 1481 836 1518 smumo
859 1466 935 1516 cultu
960 1472 989 1516 et
1017 1461 1164 1517 reserati!

142 1534 264 1602 bospitio
293 1535 456 1601 recepisset,
485 1536 530 1586 ille
558 1536 732 1587 rsuumersri
757 1535 848 1585 volem
871 1534 945 1583 circa
968 1550 999 1584 ae
1031 1532 1166 1601 bospitm
1204 1590 1211 1599 .

142 1604 261 1666 cultum,
283 1602 370 1651 tribus
387 1604 492 1653 filiabus
510 1619 624 1667 eorum,
648 1622 718 1671 quae
736 1602 846 1669 Orphe,
863 1600 953 1669 Lyco,
970 1610 999 1652 et
1016 1602 1107 1669 Carya
1122 1614 1168 1667 ap·
1205 1650 1211 1667 ,

141 1672 259 1743 pellatae
277 1676 352 1733 sunt,
368 1671 563 1723 divinationem
580 1674 726 1737 concessit,
743 1672 865 1733 adiecto,
889 1687 923 1719 ue
940 1670 1108 1737 proditrices
1122 1682 1169 1719 nu·
1203 1728 1207 1735 Ι

142 1744 251 1792 minum
263 1754 319 1789 esse
331 1739 436 1803 vellent,
453 1757 520 1791 neve
539 1750 704 1807 quaererent
729 1741 802 1807 quod
819 1746 889 1791 esset
905 1754 982 1787 ueras
996 1737 1079 1789 scire.
1111 1738 1169 1791 rost

141 1806 228 1860 Liber
250 1814 331 1876 pater
355 1808 498 1875 ads-ciricus
523 1810 643 1861 ultione
662 1810 702 1860 ul
726 1810 784 1859 eius
809 1822 892 1856 uxore
909 1814 1038 1871 receptur
1054 1804 1169 1873 bospitio
1199 1860 1204 1869 Ι

143 1884 199 1940 est,
221 1879 268 1943 qui
292 1890 356 1924 cum
380 1886 472 1927 aurata
489 1895 505 1928 a
521 1895 550 1928 se
568 1882 655 1944 Carra
672 1878 777 1927 coitum
801 1875 924 1925 miscuit:
947 1874 996 1923 sad
1017 1890 1085 1925 cum
1106 1872 1167 1925 iude
1203 1936 1206 1941 .

143 1960 228 2012 segre
246 1943 331 1995 Liber
355 1948 492 2013 profectus
517 1954 600 2009 esset,
622 1954 736 2011 cogente
760 1944 862 1996 artioris
885 1942 1061 2012 impatientia
1083 1940 1170 1995 deuito

142 2013 178 2067 ad
195 2012 316 2082 hospites
339 2014 427 2073 redit,
450 2030 560 2065 causam
585 2015 766 2081 praetcudcus
784 2012 928 2063 dedicandi
951 2011 1024 2073 l'aui,
1047 2010 1122 2079 quod
1141 2006 1168 2060 id
1199 2070 1211 2077 .

141 2098 191 2135 rex
208 2086 331 2143 voverat,
347 2082 394 2133 sed
411 2081 484 2149 Lyco
503 2092 530 2133 et
547 2084 656 2149 tupho,
673 2082 812 2133 intellectu
829 2082 903 2131 circa
919 2095 1048 2129 sororem
1065 2080 1169 2147 corpu

143 2146 241 2202 Liber'i
258 2163 368 2215 amore,
383 2166 447 2201 eam
465 2152 602 2201 custoziire
620 2157 783 2219 «oeperunt,
800 2166 836 2200 ne
853 2165 919 2197 cum
936 2148 1041 2198 Libero
1060 2148 1086 2199 ei
1102 2152 1168 2199 esset

141 2217 224 2286 copia
239 2215 370 2278 coeundi,
394 2235 461 2287 quas
484 2236 549 2269 cum
566 2220 650 2270 Liber
668 2227 746 2287 pater
764 2224 904 2279 innueret,
927 2224 1119 2284 terreretque,
1139 2220 1168 2265 ut

141 2286 236 2339 salum
261 2293 410 2355 praecepta
438 2287 568 2355 Apollinis
599 2289 781 2338 custodientes
805 2285 977 2353 pertinacem
999 2284 1169 2351 diligentiam

141 2362 364 2422 compescerent,
386 2354 544 2423 videretque
565 2357 601 2407 ab
618 2357 660 2407 his
678 2366 706 2407 et
722 2372 848 2406 sororem
866 2354 955 2404 acrius
972 2353 1122 2418 custodiri,
1142 2358 1169 2403 et

141 2438 223 2474 suum
250 2430 387 2473 secretum
420 2425 563 2475 studiosius
592 2425 708 2493 inquiri,
738 2423 854 2493 Orphea
878 2430 907 2472 et
930 2420 1020 2488 Lyco,
1051 2422 1169 2472 immisso

141 2492 236 2545 furore
255 2490 290 2542 ad
307 2490 459 2557 Taygetum
476 2502 600 2545 innurem
617 2503 708 2562 raptas
731 2494 759 2542 iu
778 2508 856 2542 sacra
873 2490 1017 2540 comertit.
1053 2490 1178 2559 Caryam'

142 2574 310 2627 veroquam
335 2568 476 2609 amaverat
499 2562 644 2614 incudem
667 2569 762 2613 moute
784 2561 813 2611 in
837 2558 970 2609 arborem
993 2557 1036 2608 sui
1053 2557 1169 2613 nominis

141 2628 237 2692 vertit,
259 2645 330 2695 quae
347 2628 445 2679 Latine
471 2647 529 2679 irus
548 2632 662 2694 dicitur,
686 2630 760 2697 quod
782 2636 876 2697 postea
893 2628 983 2677 Diana
1005 2627 1046 2677 ita
1067 2628 1168 2681 factum

125 2695 265 2749 absconsa
289 2695 388 2746 docuit
423 2697 500 2750 Unde
523 2700 657 2769 templum
683 2697 822 2765 Caryatidi
846 2696 953 2747 Dianae
976 2714 991 2745 a
1016 2696 1168 2747 Laconibus

140 2771 339 2816 consecratum.
375 2764 452 2816 Unde
470 2775 497 2818 et
512 2767 578 2818 illud
596 2767 701 2818 dictum
719 2774 774 2829 est,
793 2765 860 2815 ‘I'ilri
878 2766 991 2814 ducitur
1011 2781 1101 2815 uror:
1118 2764 1134 2815 i.
1146 2780 1170 2815 e·

140 2833 193 2885 sub
210 2842 257 2884 tuo
273 2833 387 2884 nomine
404 2834 464 2886 aliis
482 2835 605 2886 ducitur:
629 2844 659 2884 ut
675 2852 737 2886 eam
755 2849 811 2885 nou
829 2834 895 2899 ipsi,
919 2834 966 2883 sed
983 2832 1044 2882 aliis
1061 2832 1168 2885 seraita-

140 2917 204 2955 ram
220 2900 367 2968 significet:
392 2903 495 2955 scilicet
513 2905 570 2953 eius
588 2903 802 2971 corruptoribus.
837 2902 905 2951 Tibi
923 2902 1026 2951 deserit
1042 2900 1168 2966 hesperus

141 2970 258 3033 ossam,
275 2977 401 3021 montem
418 2972 589 3023 Thessaliae:
605 2969 657 3039 [in]
674 2988 727 3038 quo
745 2971 887 3037 [Hercules
905 2977 1011 3019 exustus
1030 2977 1071 3022 est
1083 2970 1170 3021 volens

140 3039 245 3103 (burm.
270 3038 343 3089 coni.
367 3039 500 3104 dolens),
530 3048 675 3107 postquam
704 3056 733 3090 se
758 3055 857 3090 exitere
882 3053 939 3089 nou
967 3038 1058 3106 potuit
1081 3036 1181 3093 tunicas

139 3106 219 3158 Nessi
232 3105 363 3157 Centauri
381 3123 480 3159 cruore
496 3111 598 3172 tincta,
614 3115 642 3158 et
659 3116 719 3176 post
735 3107 765 3159 in
782 3106 890 3159 caelum
906 3113 1034 3173 receptus
1051 3115 1102 3159 est.
1129 3104 1170 3157 Do
1193 3160 1196 3165 ,

139 3175 194 3227 boc
211 3172 319 3237 monte]
335 3174 428 3226 stallae
446 3176 572 3227 videntur
597 3177 738 3239 occidere,
760 3176 830 3225 sicut
847 3176 881 3227 de
898 3176 945 3225 lda
972 3175 1062 3226 nasci:
1086 3181 1116 3225 ut
1131 3173 1167 3239 (A.
1190 3214 1196 3219 .

140 3253 174 3305 2,
193 3242 277 3303 lidii:
304 3241 419 3309 iainque
439 3248 517 3311 iugis
536 3262 660 3295 susumus
678 3245 809 3311 surgebat
835 3244 937 3312 lucifer
956 3244 1032 3293 Idae.
1069 3228 1194 3309 Etboai

139 3311 221 3374 dicit,
235 3311 305 3430 ,iffi
323 3312 458 3382 Hesperus
482 3313 616 3378 deserit3]
640 3314 710 3378 tibi,
734 3315 752 3363 i.
771 3328 793 3363 e.
811 3322 926 3380 propter
943 3320 970 3363 te
987 3327 1041 3364 uox
1058 3309 1165 3363 advenit.

138 3380 183 3451 [ln
201 3395 232 3429 eo
253 3396 297 3431 em
315 3388 411 3433 monte
428 3384 565 3449 Hesperus
589 3383 642 3436 coli
659 3382 774 3444 dicitur,
798 3382 845 3448 qui
862 3383 1057 3448 Hymenaeum
1072 3378 1163 3450 specio·
1182 3380 1211 3453 ¹*

138 3464 202 3500 sum
226 3464 343 3517 puerum
368 3464 474 3503 amasse
498 3452 613 3516 dicum,
644 3454 690 3517 qui
714 3452 885 3516 Hymenaeus
910 3452 997 3500 fertur
1021 3449 1051 3499 in
1075 3444 1164 3515 nuptiis
1183 3499 1211 3517 Ι,

139 3516 286 3580 Ariadnes,
311 3526 339 3568 et
357 3516 453 3571 Liberi
477 3522 563 3584 patris
580 3536 675 3571 rocem
699 3518 849 3589 perdidisse
872 3517 1022 3583 cantando,
1045 3534 1078 3569 ex
1100 3514 1164 3567 cuius
1190 3524 1209 3531 ‘

138 3585 254 3638 nomine
273 3587 387 3651 nuptiae
410 3588 499 3640 dictae
524 3587 606 3651 sunt]
623 3614 655 3625 -
698 3599 740 3643 52.
760 3588 786 3638 Ο
805 3589 894 3654 digno
919 3588 1074 3637 coniuncto
1098 3588 1163 3651 νίας

136 3653 196 3707 iam
212 3654 324 3706 insultat
343 3657 458 3722 puellae.
492 3659 578 3725 [Ergo
604 3657 641 3706 sic
660 3657 914 3726 pronunciandum,
938 3663 969 3705 ut
992 3655 1096 3708 habeat
1111 3668 1163 3704 eor·
1185 3712 1188 3719 Ι

137 3730 285 3792 temptum.
325 3722 412 3788 Viro,·
437 3726 551 3793 Mopso,
574 3726 674 3775 rustico
700 3734 728 3776 et
752 3725 887 3788 deformi,
911 3724 1024 3793 qualem
1046 3733 1079 3776 tu
1096 3737 1164 3792 quae·
1190 3722 1211 3770 t-

137 3792 205 3845 sisti.
239 3790 318 3841 Dum
337 3792 460 3859 despicis
477 3811 571 3845 ornnes
580 3817 590 3855 ς
616 3802 644 3843 et
667 3794 800 3845 iracunde
823 3794 905 3856 dicit,
928 3808 993 3843 eam
1019 3809 1114 3845 omnes
1129 3791 1166 3841 tle·

137 3878 151 3912 s
174 3861 263 3925 'cere,
285 3876 350 3910 cum
372 3876 402 3912 se
418 3863 507 3913 solum
524 3862 664 3930 despiciat.
680 3888 709 3898 -
748 3870 792 3919 33.
809 3861 873 3911 Mea
885 3861 1011 3931 fistula3
1033 3862 1169 3913 cantilena.
1195 3876 1201 3903 '-

138 3878 270 3997 dinque
294 3930 432 3996 capellan
456 3930 559 3981 scilicet
583 3930 633 3981 tibi
651 3928 816 3993 suist-odio.]
832 3956 866 3968 -
909 3935 952 3985 34.
969 3929 1168 3997 Hirsutumque
1189 3936 1211 3981 ²¹.

140 3999 326 4070 supercilium
334 4022 345 4065 ς
371 4002 476 4068 labam
492 4005 609 4065 natura,
630 4016 667 4052 au
684 3999 760 4070 quod
775 3998 829 4052 tibi
844 3999 884 4055 ita
900 3998 1048 4068 ridetur'l]
1069 4000 1123 4055 Per
1138 3999 1172 4052 ia·

1201 4424 1211 4583 3
