2430 4620
134 278 202 344 eto
398 272 539 338 amen
560 250 916 339 conumeratus

139 456 199 511 lam
219 458 411 527 navigatione,
432 466 461 512 et
476 460 570 531 positia
591 459 710 512 insieco
727 458 842 511 naribus
863 457 1018 520 laetantur,
1042 462 1073 507 et
1089 453 1171 533 apulia
1211 398 1214 527 i

140 536 250 581 vacant:
278 529 318 579 eie
341 529 429 580 etiam
452 529 548 581 rustici
570 528 653 579 finitis
677 524 876 599 completisque
900 526 1008 578 aestivis
1032 525 1171 577 utentur
1212 558 1214 571 .

139 595 235 651 bieme
257 597 556 660 concinnentem,
579 605 609 650 et
625 616 641 649 n
659 598 732 648 curis
754 594 916 660 solvuntur]
933 621 966 632 -
1002 601 1066 651 304.
1085 594 1170 658 Impe-
1212 638 1214 647 .

141 682 223 717 suere
245 682 382 729 corones;
406 674 454 717 aut
476 682 508 719 re
531 682 596 717 vera
619 681 748 717 coronas:
772 671 821 717 aut
836 665 923 734 spiras
945 663 1059 716 nmium
1076 660 1171 729 accipi·

141 749 213 785 mus.
229 760 262 772 -
296 742 359 794 305.
376 734 430 785 Seri
446 746 540 785 tomen
558 748 584 786 et
600 751 727 805 quernus¹
740 734 876 801 glandem
898 738 962 785 suut
976 731 1090 799 aliquae
1106 729 1172 782 deri·

139 803 263 857 vationes
287 819 319 856 ex
343 818 394 853 usu
416 803 506 871 magis
527 820 612 873 quam
636 820 667 854 ex
691 806 800 855 ratione
822 800 976 863 venienus
1000 808 1032 849 ut
1048 813 1174 867 quernus,

35 886 40 895 “
140 870 271 936 tentetur,
292 872 408 939 ilignea,
430 874 574 937 colurnus,
598 887 615 922 a
638 870 745 940 corylo,
764 871 843 935 ilice,
864 870 933 935 tie-o,
953 876 1073 937 quercu.
1106 864 1171 918 Cru-

142 954 224 1005 ento,
255 949 374 993 uratura.
397 967 444 987 ·-.
474 947 536 999 306.
561 938 705 1009 [Cruenta
734 948 830 992 autem
852 938 930 1002 ideo,
960 934 1046 1005 quia]
1069 943 1173 988 mautra

109 1002 119 1035 ¹
141 1008 240 1076 (euim)
270 1008 377 1061 cruoris
398 1008 545 1061 imitantur
567 1008 698 1063 colorem.
724 1035 759 1047 -
808 1014 870 1067 307.
896 1004 1030 1067 Pedicas;
1055 1003 1172 1074 laquata,

162 1078 241 1129 uibtts
262 1077 346 1149 pedes
368 1077 562 1147 illaqueantur.
585 1103 620 1115 -
665 1084 727 1136 3ου.
751 1077 868 1127 duriter
893 1076 1018 1141 lepores,-
1052 1074 1171 1126 meiere

140 1094 276 1199 iubentes
299 1161 386 1197 atores.
419 1145 548 1197 Horatius
564 1146 645 1197 eliter
668 1147 722 1212 ait,
743 1144 867 1197 Doctum
892 1156 917 1195 ee
935 1146 1050 1194 euricus
1062 1142 1171 1212 fidibus

142 1217 258 1267 canoris
284 1213 393 1265 Ducere
419 1230 544 1281 quercus.
587 1216 703 1267 tensum
725 1213 855 1267 audiendi
879 1212 1022 1265 brbeutea.
1038 1238 1078 1251 -
1116 1213 1172 1269 ³09·

143 1282 273 1335 Balearis
284 1283 414 1352 sunm,-
438 1283 614 1354 Hispanieae:
637 1280 674 1335 ab
695 1282 790 1334 insulis
806 1282 967 1335 Balearibus
983 1275 1173 1349 [llispaoiee,]

141 1352 190 1403 ubi
206 1352 316 1403 inventa
332 1359 373 1403 est
388 1353 522 1404 tunde·
555 1358 617 1415 211.
631 1350 709 1419 Quid
721 1363 894 1419 tempestates
905 1352 1075 1413 auctumni,
1090 1360 1170 1399 verno

141 1428 172 1473 et
191 1421 361 1472 auctumnali
391 1428 519 1488 tempore
548 1419 619 1473 fiunt
647 1426 837 1490 tempestates,
866 1419 976 1489 quando
1007 1434 1063 1471 nec
1091 1416 1170 1487 plena

141 1497 232 1541 aeetae
249 1497 307 1554 ert,
330 1505 381 1540 neu
398 1489 481 1556 plena
497 1488 594 1545 hiems.
628 1488 707 1542 Unde
723 1488 848 1543 medium
864 1496 893 1541 et
906 1487 1017 1539 contina
1035 1484 1173 1552 reatuque

140 1557 274 1637 tempopis
291 1573 323 1609 ex
338 1557 532 1611 coniunctione
550 1573 646 1611 rerum
662 1558 868 1611 contrariarum
883 1556 968 1610 efficit
988 1560 1172 1632 tempestetet·

140 1624 213 1679 Saue
228 1626 372 1678 sciendum
390 1625 500 1678 ultimas
527 1643 593 1679 eum
629 1634 703 1679 artes
719 1634 779 1679 tam
795 1626 938 1679 auctumni
953 1639 1042 1694 quam
1056 1621 1123 1675 verit
1137 1635 1173 1670 u·

139 1694 288 1764 pellicere,
311 1694 409 1764 quibus
425 1694 496 1746 fiunt
509 1644 649 1777 procelle
665 1697 713 1760 (et)
730 1696 804 1765 quod
826 1695 862 1749 tle
877 1702 1046 1758 aucmmno,
1066 1690 1113 1743 liic
1132 1687 1174 1741 ie·

140 1764 216 1816 dicat
232 1778 338 1827 versus,
361 1765 450 1831 atque
468 1763 517 1817 ubi
533 1764 590 1816 iarn
609 1763 773 1833 breviorque
789 1762 863 1829 dier,
886 1772 916 1817 et
937 1761 1054 1813 mollior
1075 1765 1173 1813 aretam

34 1882 37 1895 ,
140 1830 177 1885 tle
194 1848 259 1885 rere
274 1831 337 1897 bic,
360 1829 455 1902 Spicea
479 1832 537 1884 iam
561 1833 667 1904 campis
682 1848 748 1884 cum
769 1833 867 1885 messia
889 1830 1038 1883 inhorruit.
1071 1825 1174 1881 nent·

141 1900 182 1953 ait
203 1900 288 1964 ltue'e;
314 1901 332 1952 i.
350 1918 373 1953 e.
400 1902 614 1971 praecipitatur,
634 1902 664 1953 in
685 1900 741 1953 fine
764 1908 815 1953 est.
847 1900 894 1969 [Et
915 1901 946 1952 in
967 1898 1024 1951 boo
1047 1896 1111 1949 talis
1132 1901 1172 1948 est

140 1984 250 2034 unius,
280 1968 353 2037 Quid
377 1967 468 2021 dicem
490 1978 625 2040 quantum
645 1977 776 2037 oportent
798 1968 945 2021 sollicitum
968 1976 999 2020 et
1024 1965 1175 2025 eructuem

141 2054 201 2093 aare
217 2038 371 2107 agricolam
387 2046 514 2110 ternpore
531 2041 675 2091 auctumni
690 2046 719 2092 at
735 2036 844 2103 rerisl]
860 2062 892 2075 -
934 2042 998 2094 313.
1018 2033 1174 2103 Vigilenda

140 2106 661 2244 triturantur.
690 2102 1175 2245 triturarentur:
1197 2103 1214 2161 ²

141 2262 193 2316 per
214 2244 300 2295 cuuni
320 2243 489 2308 folliculum,
511 2246 529 2296 i.
554 2262 579 2298 e.
603 2244 757 2297 extremum
781 2252 938 2308 tumorem,
960 2241 1064 2294 aristae
1081 2208 1173 2292 ¹atllutc

140 2321 238 2365 tenues
260 2311 290 2363 in
313 2310 428 2363 modurn
451 2312 549 2382 spiculi
572 2314 703 2366 eminent
753 2311 916 2374 inhorruit,-
945 2308 1121 2361 intremiscit.
1142 2329 1173 2344 -

142 2384 204 2440 3¹5.
227 2378 379 2431 Frumento
405 2383 553 2445 lacuneie3
576 2383 667 2434 adhuc
690 2385 801 2446 tenuia,
823 2389 851 2431 et
871 2378 949 2431 lactis
972 2378 1066 2447 plena.
1105 2376 1173 2427 Saue

139 2448 229 2500 Varro
252 2448 282 2499 in
307 2448 385 2500 libris
401 2449 557 2502 divinarum
579 2452 698 2520 [rerum]
721 2451 802 2513 dicit,
824 2450 907 2501 deum
931 2463 988 2501 esse
1005 2447 1175 2508 Lactantem,

141 2517 191 2586 qni
213 2533 242 2569 se
264 2516 388 2569 infundit
407 2518 560 2638 ιεςεΕὴιιι,
586 2528 615 2570 et
638 2536 684 2571 eas
707 2520 775 2571 iacit
789 2518 947 2569 lactescere.
981 2516 1019 2567 Et
1033 2514 1174 2568 sciendum

140 2588 216 2640 inter
243 2585 395 2637 lactantem
418 2594 446 2638 et
496 2594 617 2640 etentem
641 2588 694 2639 hoc
721 2589 867 2640 interesse:
898 2584 971 2655 quod
995 2584 1116 2637 henne
1137 2588 1176 2636 ett

141 2670 212 2725 quae
228 2654 270 2706 lac
287 2655 417 2722 praebet:
442 2655 559 2707 Lectens
584 2657 630 2707 cui
645 2655 710 2724 [lac]
727 2656 885 2723 praebetur.
918 2653 1039 2723 Stipula;
1061 2650 1174 2720 stipulae

141 2723 255 2778 nomine
279 2739 330 2802 pro
353 2724 445 2775 culmo
468 2724 598 2807 abutitur.
617 2751 652 2762 -
693 2731 754 2805 3153.
770 2725 895 2793 [Flavis;
920 2721 1057 2802 materie]
1092 2722 1174 2801 Aruit

140 2792 740 2929 {intulit&futtulttliuu
755 2789 1176 2928 <itr.qi⁸ioi¹2⁸il.¹lei¹iii

140 2947 190 2982 sos
204 2928 355 2995 Agrioalue
372 2933 517 2998 stringunt
528 2931 659 3000 frondes.
672 2956 708 2971 -··
742 2937 804 2988 stu
822 2930 930 2981 Omnia
949 2941 1096 2980 ventorum
1115 2943 1176 2979 com

142 3015 269 3061 currere,-
286 2997 359 3049 inter
376 3015 420 3062 se,
437 3006 469 3049 ut
485 3002 525 3064 (Α.
546 3008 577 3062 5,
596 3000 661 3060 ill:
687 2997 795 3050 Mutati
812 3010 975 3049 transverso
987 2997 1131 3066 fremunt.
1146 3020 1177 3033 -

141 3075 204 3126 320.
221 3065 345 3116 Sublime
369 3068 514 3132 expulsam
533 3080 677 3127 eruerent;
700 3084 750 3134 per
766 3067 885 3120 sublime
909 3074 1055 3134 portarent
1071 3073 1176 3117 erutam

141 3142 274 3203 segetem.
309 3133 436 3185 Turbine
454 3139 554 3204 nigr03
579 3144 744 3206 tempestate
769 3137 858 3188 noxia.
892 3135 1022 3186 Horatius
1037 3133 1138 3200 (Serm.
1155 3139 1177 3197 1,

140 3201 259 3269 4,85.):
282 3200 339 3255 Hic
358 3206 439 3272 niger
463 3218 519 3272 est,
541 3204 615 3256 hunc
639 3217 670 3257 tu
687 3205 816 3257 Romane
841 3216 944 3256 caveto.
961 3227 997 3241 -
1031 3208 1096 3261 321.
1114 3201 1176 3254 cu·

168 3365 221 3417 204)
250 3370 275 3410 0.
290 3371 404 3422 accipimus.
418 3372 462 3412 aire
476 3379 523 3424 post
537 3384 619 3411 evasura
634 3380 689 3410 maro
703 3370 809 3421 imponunt
823 3371 908 3410 narrlrue
923 3371 1007 3423 insignia
1021 3371 1127 3412 victoriae.

168 3447 222 3499 ³0⁵)
248 3451 316 3490 tuen:
337 3452 378 3490 Sed
397 3460 465 3491 samen
485 3458 523 3489 ete.
556 3452 581 3489 ltl
599 3457 642 3496 eat,
662 3451 753 3501 quamuis
773 3450 811 3488 tibi
832 3451 886 3498 elixi,
908 3465 955 3490 cure
974 3452 1087 3490 resolvitur
1103 3450 1180 3502 hyena.

226 3508 324 3557 quaedam
343 3516 410 3547 tamen
430 3522 491 3559 opera
510 3507 605 3547 hiemalia
624 3514 682 3552 aunt,
709 3509 821 3545 exercenda
841 3508 863 3545 in
883 3509 1015 3558 agricultura,
1041 3514 1064 3546 ut
1082 3509 1179 3558 quaedam

225 3563 281 3603 tomi
300 3565 321 3603 in
340 3566 432 3604 noctibus
447 3566 473 3604 ad
487 3564 566 3603 hiberni
586 3564 667 3603 tuniurt
682 3577 737 3603 serua
757 3565 817 3615 ignea·
832 3584 858 3595 -··
885 3565 954 3605 ttem:
980 3577 1062 3617 quercu.
1076 3565 1125 3605 ltiuc
1138 3565 1180 3604 im·

224 3628 279 3660 otum
294 3636 378 3673 quercus
392 3630 486 3674 putamus
501 3636 544 3659 esse
558 3634 661 3672 quernam.

166 3701 218 3754 m)
245 3704 314 3742 tuem:
333 3713 434 3773 eruentus
451 3706 483 3743 vel
505 3705 529 3742 de
550 3703 645 3753 sanquine
665 3701 758 3746 Adonis,
778 3701 812 3739 vel
831 3713 883 3753 quae
902 3713 984 3742 auocurn
1003 3703 1082 3742 cruoris
1097 3700 1180 3741 ainilen

223 3761 323 3807 babeant,
337 3764 371 3800 vel
386 3763 432 3813 quia
446 3762 495 3800 belli
510 3769 600 3812 tempore
613 3760 661 3798 inde
675 3759 757 3798 bestilia
772 3757 827 3796 fiant.

166 3840 218 3891 208)
246 3846 268 3880 ln
288 3845 333 3881 loco
347 3843 427 3881 Horatii
441 3845 515 3892 (Carni.
531 3843 668 3889 1,12,11.)
689 3841 756 3880 (teeti.
771 3842 786 3877 l.
800 3842 825 3878 11.
846 3839 900 3878 dees.
920 3848 940 3878 ee
955 3841 1073 3891 aurrfundu
1089 3851 1110 3880 as
1125 3843 1181 3881 eari-

222 3909 256 3939 sua
271 3907 309 3938 etc.
335 3901 362 3939 R.
379 3903 424 3939 Vct.
440 3900 549 3948 ourr'fundi
563 3910 587 3936 et.
617 3901 642 3936 V.
656 3898 791 3949 arcersiendum
806 3904 838 3946 ιη
853 3899 899 3935 dein
914 3900 939 3935 V.
955 3900 1028 3938 det-ere.

164 3976 272 4076 'mssa'
290 3989 337 4032 post
358 3978 421 4075 edfficit
441 3979 501 4019 adab:
522 3981 576 4033 quod
597 3978 629 4018 tte
649 3981 755 4031 proponit,
776 3986 799 4018 ut
817 3986 939 4029 praecaveat
959 3979 1097 4029 uatuquisque
1119 3980 1184 4017 siden

236 4050 294 4088 'tzere
309 4037 362 4088 (lugi
378 4050 404 4087 t}-
