2452 4626
305 307 340 348 m
364 286 520 350 VIRGIL.
542 278 698 348 BUCOL.
723 278 800 362 VII,
821 282 973 358 202-29.
1089 292 1156 358 143

115 469 177 521 Nam
197 479 232 524 et
247 470 281 524 in
299 472 356 526 fine
372 474 495 525 dicturus
512 482 566 526 est:
593 473 671 526 Haec
689 473 813 525 memini.
829 474 864 511 ἑ·
897 476 942 529 20.
958 471 1106 542 Referebat
1124 477 1156 526 in

96 589 101 594 .
120 541 227 602 ordiner
247 543 397 595 amoebaei
414 545 544 594 carminis
560 545 638 612 lage,
656 552 687 594 ut
704 544 819 593 diximus
836 542 926 608 supr'a'.
938 567 972 581 -
1007 549 1050 601 21.
1069 544 1157 611 Nym-

117 608 176 675 pltoe
194 624 301 662 noster
319 629 414 677 amor,
430 611 625 674 Libetltrides3
649 612 796 664 Libethros
813 612 873 661 sous
891 619 945 674 est,
962 612 1009 663 ubi
1029 613 1156 665 coluntur

115 678 223 730 Musae:
246 681 276 746 [a
295 681 430 732 Libethro
449 686 544 750 poeta,
562 683 609 749 qui
627 682 732 750 primus
750 680 906 730 armoniam
921 681 1052 747 tradidit,
1069 690 1097 733 et
1113 699 1157 734 ar-

113 763 168 797 cem
184 749 282 798 Musis
308 752 490 801 consecravit:
514 750 566 800 Alii
590 751 699 814 locum,
722 752 752 800 in
776 764 830 816 quo
848 748 981 800 Hesiodus
1004 758 1082 801 natus
1100 760 1156 812 est;

109 815 152 865 alii
168 818 317 887 templum
334 819 530 869 Libethridum
549 810 693 870 murdrum
710 818 817 880 dicunt,
843 816 950 885 quoda
967 818 1059 870 Pierio
1076 821 1161 886 Apol,

108 884 169 935 linis
186 886 250 936 filio
269 895 466 939 consecratum
484 886 555 951 est;]
579 896 606 940 et
624 887 662 937 sic
680 887 720 938 ait
736 885 912 936 Libethrides
920 899 984 952 ,au
1008 888 1030 938 si
1052 888 1157 940 diceret

108 952 341 1019 Hippucrenides
366 975 382 1007 a
406 958 483 1007 fonte
500 955 685 1023 Hippocrene.
727 956 763 1005 Ut
788 964 882 1006 autem
906 957 1004 1026 podiae
1029 956 1156 1010 invocent

108 1021 272 1094 Nymphas,
293 1026 369 1075 ,sicut
385 1025 438 1074 hoc
455 1025 532 1075 loco:
549 1026 619 1077 item
638 1025 668 1075 in
685 1023 740 1075 fine
760 1024 833 1090 (Ecl.
852 1025 968 1086 10‚1.):
993 1024 1154 1076 Extremum

108 1090 182 1140 lsunc
202 1091 352 1144 Arethusa
372 1094 442 1144 milti
461 1096 578 1145 concede
597 1095 735 1156 lohorern5
754 1094 828 1142 haec
844 1093 929 1144 ratio
944 1100 1002 1160 est„
1025 1095 1097 1164 quod
1114 1112 1154 1147 se·

109 1160 237 1213 cundum
254 1165 427 1229 Varronem,
442 1162 520 1230 ipsae
536 1164 590 1214 sint
608 1162 753 1232 Nymphae
770 1177 841 1229 quae
858 1169 887 1227 et
902 1161 1016 1228 Musae,
1032 1165 1110 1230 [nam
1128 1172 1156 1216 et

105 1229 233 1308 iusque
253 1233 407 1284 consistere
433 1233 576 1296 dicuntur,
599 1248 670 1299 quae
695 1232 728 1282 de
752 1229 872 1289 lontibus
890 1238 1000 1296 manat,
1024 1232 1095 1284 sicut
1112 1249 1155 1284 ex-

106 1299 325 1366 istimaverunt,
350 1301 397 1368 qui
420 1303 559 1354 camoenis
581 1302 689 1352 sontem
707 1308 916 1350 consecrarunt:
939 1316 1007 1350 nam
1031 1301 1070 1352 eis
1097 1317 1154 1353 non

108 1369 187 1433 vino,
210 1367 265 1421 sed
291 1384 363 1438 aqua
390 1376 418 1421 et
440 1370 512 1422 lacte
536 1368 685 1423 sacrificari
709 1366 803 1431 soleti,
827 1368 1046 1420 necimmerito.
1080 1370 1154 1421 Nam

108 1455 198 1504 aquae
225 1446 322 1489 motus
345 1439 481 1490 musicam
506 1437 602 1490 efficit:
616 1437 656 1487 ··'ut
680 1437 710 1488 in
731 1434 876 1505 hydraulia
901 1438 1007 1498 (vitrea)
1024 1437 1154 1505 ridemus.

107 1505 180 1557 Sane
199 1504 365 1574 sciendum,
389 1508 462 1575 quod
478 1508 555 1558 idem
572 1502 660 1556 Varro
684 1513 741 1558 tres
765 1513 875 1556 tantum
892 1505 985 1557 Musas
1004 1522 1061 1558 asse
1078 1525 1155 1559 com·

108 1584 270 1628 memorat:
303 1574 393 1628 Unam
410 1592 481 1643 quae
498 1591 529 1628 ex
548 1571 636 1644 aquae
653 1572 775 1625 nascitur
793 1582 886 1624 motu:
914 1575 1046 1641 alteram,
1068 1594 1153 1645 quam

108 1645 180 1695 aeris
205 1645 260 1696 icti
286 1644 370 1697 efficit
394 1660 490 1707 sonus,
521 1646 649 1707 tertiam,
673 1659 743 1711 quae
770 1641 831 1710 [in]
855 1659 935 1695 ruera
957 1652 1066 1695 tantum
1088 1662 1153 1699 voce

106 1713 248 1765 consistit.
268 1730 273 1739 ·
291 1715 328 1764 Et
350 1713 562 1777 multivolum,
587 1712 617 1763 in
640 1711 698 1765 hac,
718 1712 814 1779 ecloga
837 1729 894 1764 esse
918 1713 1096 1780 allegoriam,
1124 1723 1155 1765 ut

106 1781 241 1852 Daphnis
257 1782 294 1833 sit
311 1784 427 1834 Caesam
452 1783 579 1850 Corydon
596 1779 736 1850 Virgilius:
754 1781 864 1848 Thyrsis
881 1796 946 1832 vero
964 1782 1011 1848 qui
1028 1783 1156 1846 vincitur,

105 1851 221 1919 Virgilii
242 1851 428 1915 obtrectator,
452 1852 560 1903 scilicet
580 1857 627 1900 aut
643 1849 754 1913 Bas-ius,
779 1857 825 1900 aut
842 1851 943 1914 Anser,
967 1858 1014 1901 aut
1031 1850 1154 1903 hlaevius

105 1915 261 1988 [pessimi]
276 1926 382 1988 potitae.
399 1945 433 1957 -
469 1930 512 1977 22.
544 1919 649 1982 Codro;
675 1910 780 1968 Codrus
803 1922 883 1987 po'eta
906 1918 1029 1971 eiusdem
1047 1929 1154 1990 tempos

105 1991 146 2039 ris
171 1990 247 2054 fuit,
271 1997 302 2039 ut
325 1986 434 2058 Valgius
457 1990 486 2040 in
510 1988 611 2055 Eegiis
635 1986 688 2036 suis
713 1985 825 2050 refert]
874 1984 1008 2037 Proxima
1034 1987 1152 2055 Phoceu

105 2058 245 2109 subaudis
257 2054 396 2109 carmina.
414 2084 447 2094 -
481 2065 526 2114 23.
544 2058 597 2105 Aut
622 2058 650 2105 si
674 2073 731 2105 non
750 2073 901 2122 possumus
922 2072 1032 2120 omnes5
1058 2068 1152 2109 sectm-
1212 2102 1215 2107 .

106 2127 177 2177 dum
194 2127 270 2178 illud
286 2126 353 2177 dixit
370 2127 436 2192 (Ecl.
449 2131 475 2188 8,
492 2124 560 2186 63.)ι
578 2120 645 2175 Nou
664 2127 760 2175 omnic
776 2141 928 2192 possumus
947 2121 1050 2176 ornnes.
1079 2127 1153 2185 Nam

104 2195 207 2246 debuit
234 2196 343 2246 dicere:
368 2198 422 2246 Aut
447 2197 470 2244 si
494 2210 545 2262 ego
569 2209 627 2245 non
651 2193 770 2260 possum.
794 2221 828 2232 —
868 2199 911 2250 24.
939 2192 1007 2259 [Hic
1034 2188 1152 2262 arguta,-

104 2264 184 2314 iuxta
217 2281 306 2332 quam
329 2265 489 2332 frequenter
513 2263 637 2326 canitur,
660 2280 692 2313 ac
716 2280 767 2331 per
790 2263 843 2313 hoc
869 2263 993 2332 loquaci3
1022 2264 1152 2331 garrula]

105 2333 199 2384 Sacra
217 2336 310 2398 pium·
334 2332 418 2384 matri
435 2333 518 2382 deum
542 2339 708 2403 consecrata.
744 2331 786 2381 Sic
809 2348 905 2400 supra,
928 2332 1015 2382 Sacra
1041 2349 1154 2400 quercu,

105 2403 217 2454 scilicet
236 2402 293 2452 Iovi
310 2401 417 2453 dicata·
441 2400 488 2468 [Et
505 2401 702 2468 apostropham
719 2402 797 2464 fecit,
820 2408 954 2467 tanquam
979 2418 1042 2452 eam
1059 2417 1153 2454 conse-

106 2480 184 2537 cret,
210 2478 241 2521 et
263 2471 417 2522 intellectus
434 2469 579 2537 pendebit,
605 2469 696 2519 fistula
719 2469 793 2519 malo
811 2470 940 2534 catalysin
957 2471 1051 2522 facere
1068 2486 1153 2538 quam

106 2540 238 2591 deterior
262 2538 341 2603 essa]
358 2566 391 2577 -
432 2544 477 2594 25.
500 2537 636 2588 Pastores'
656 2549 818 2588 crescentem
839 2544 970 2604 ‘po'e'tcm3
1000 2540 1153 2591 verecunde

104 2609 219 2659 locutus
239 2615 295 2672 est,
317 2624 374 2659 non
397 2605 454 2656 iarn
473 2612 584 2674 poetam
602 2606 708 2670 dicens,
730 2607 778 2657 sed
803 2619 976 2658 crescentem.
1011 2606 1082 2659 Seue
1098 2608 1153 2659 hoc

105 2677 171 2728 loco
189 2693 310 2727 carmen
328 2676 489 2746 exprimitur
507 2675 703 2726 Amoebaeum.
738 2676 811 2725 Nam
836 2682 901 2725 cur‘n
918 2675 1048 2743 Corydon
1071 2677 1153 2746 petis-

105 2755 166 2806 set,
190 2754 225 2796 ut
251 2752 320 2796 esset
334 2742 422 2795 'Codri
445 2740 555 2808 similis,
578 2743 624 2794 hic
648 2761 676 2795 se
694 2743 762 2796 adeo
781 2743 904 2794 Codrum
928 2761 1060 2813 superare
1079 2744 1153 2810 dicit,

105 2824 138 2865 ut
163 2816 195 2866 iu
213 2831 244 2864 se
261 2813 319 2865 eius
336 2813 468 2864 invidiam
491 2813 576 2880 possit
593 2828 713 2864 movere.
746 2813 854 2863 Hedera
872 2821 965 2864 autem
984 2816 1153 2864 coronantur

106 2878 229 2950 poetae,
246 2884 295 2948 (et)
313 2883 390 2949 quasi
407 2883 508 2933 Libero
527 2881 687 2945 consecrati,
704 2883 750 2948 qui
769 2889 797 2932 et
813 2889 844 2930 ut
856 2883 985 2932 'Bacchae
1003 2882 1151 2933 insaniimt.

106 2953 152 3003 Sic
172 2952 306 3002 Horatius
324 2952 417 3020 (Epist.
431 2957 461 3014 l,
479 2956 527 3015 19,
545 2950 594 3011 3.):
615 2949 652 2997 Ut
670 2951 850 2999 male-senis
869 2953 1024 3014 adscripsit
1042 2950 1153 3016 Satyris

105 3021 281 3086 Faunisque
298 3024 411 3087 po'e'tcs,
428 3020 472 3070 vel
489 3019 561 3086 quod
579 3014 691 3089 semper
709 3016 758 3086 [et]
775 3018 879 3085 vivunt,
896 3022 936 3086 [et
952 3017 1054 3084 virent]
1071 3019 1153 3072 hede-

106 3107 175 3152 rae,
200 3090 275 3139 sicut
299 3089 423 3139 carmina
445 3086 640 3150 aeternitatem
661 3094 812 3138 merentur.
831 3088 865 3124 -’
907 3094 949 3144 26.
969 3087 1153 3153 Rumpuntur

108 3173 140 3210 ut
162 3161 237 3221 itia,-
261 3158 332 3207 sicut
349 3159 433 3207 etiam
456 3157 485 3206 iu
503 3156 622 3206 Aeneide
641 3156 772 3218 diximus,
798 3155 850 3206 hoc
875 3156 927 3218 ile,
952 3165 981 3208 et
1005 3156 1072 3206 haec
1098 3159 1152 3208 itia

104 3229 185 3280 facit.
222 3227 303 3277 Unde
329 3227 412 3277 etiam
437 3224 568 3278 Iuvenalis
593 3225 631 3275 ait
656 3231 698 3287 (5,
719 3223 800 3283 135.):
830 3225 878 3274 Vis
897 3225 995 3292 frater
1021 3227 1053 3276 ab
1080 3229 1152 3293 ipsis

107 3295 230 3348 ilibus?
278 3295 350 3344 Nam
381 3294 514 3345 Marullus
540 3294 749 3360 mimographus
780 3293 946 3360 contempsit
977 3302 1083 3360 artam,
1117 3296 1152 3346 ad

105 3368 205 3419 iocum
226 3364 407 3414 movendum:
431 3371 459 3416 et
475 3362 594 3430 parasito
612 3363 690 3413 dixit:
716 3362 759 3410 Tu
782 3374 812 3410 ut
829 3361 932 3413 Hector
951 3364 986 3412 ab
1007 3364 1060 3414 llio
1081 3381 1154 3413 nun·

108 3453 197 3504 quam
227 3434 340 3482 recedis.
375 3434 424 3482 Est
445 3439 538 3482 autem
556 3431 733 3501 hocvdictum
757 3447 807 3496 per
832 3432 1049 3483 amaritudinem
1073 3433 1153 3483 rusti-

106 3506 237 3556 cam.-
273 3511 315 3557 27.
338 3499 418 3550 Ultra
436 3503 586 3566 placitum
605 3500 622 3548 i.
643 3517 665 3550 e.
682 3500 781 3562 nimie,
806 3498 936 3552 irrisorie.
970 3501 1051 3552 Ultra
1068 3518 1153 3567 quam

105 3576 211 3643 placeo
231 3578 258 3620 et
276 3586 401 3620 mereor:
419 3567 559 3637 [quicquid
577 3576 671 3619 autem
689 3568 760 3618 ultra
778 3569 910 3619 meritum
927 3569 1071 3632 laudetur,
1089 3567 1154 3618 dici:

106 3652 154 3693 tur
172 3639 315 3691 fascinari.
353 3638 490 3698 Baccare3
514 3636 603 3687 herba
621 3644 661 3688 est
679 3638 713 3687 ad
736 3637 926 3703 repellendum
944 3633 1101 3699 fas-einum]
1118 3663 1153 3673 -

106 3717 153 3768 28.
177 3709 264 3759 Mula
289 3708 408 3774 lingua;
433 3704 625 3770 fascinatorie,
647 3706 768 3787 nocendi
790 3706 895 3757 scilicet
917 3705 1015 3756 studio.
1033 3718 1067 3741 -·-
1108 3710 1158 3804 29,

136 3875 174 3927 25)
207 3877 277 3915 Gncll.
291 3879 314 3915 ll.
329 3880 352 3914 B.
367 3878 392 3914 R.
409 3878 455 3914 Vos.
471 3877 540 3926 steph.
555 3878 607 3915 Dan.
627 3876 657 3914 bis
674 3877 740 3915 Gucll.
754 3878 769 3914 1.
792 3875 853 3915 semel
867 3883 983 3914 nascentem
1004 3888 1041 3924 pro
1055 3883 1152 3914 crescent.

197 3949 219 3971 v.
234 3936 259 3971 ad
269 3931 299 3979 ¹4,
315 3934 349 3973 19.
364 3955 388 3963 ·-
416 3936 438 3970 Iu
454 3948 515 3971 versu
530 3936 600 3972 Horat.
614 3947 652 3984 pro
666 3937 723 3972 sanis
739 3934 806 3971 Guelr.
821 3934 845 3970 II.
859 3935 883 3970 B.
897 3934 923 3970 L·
936 3933 964 3970 R·
979 3931 1005 3970 V·
1020 3934 1068 3971 vos.
1082 3946 1152 3972 sanut-

196 3993 268 4040 Steplr.
281 3999 302 4028 ct
317 3991 384 4029 Guell.
398 3994 414 4030 1.
427 4005 495 4028 sartos.
712 4010 719 4017 ν
1168 3992 1170 3999 '

135 4072 173 4120 26)
205 4073 244 4110 Pro
259 4073 290 4110 ait
304 4073 329 4108 V.
343 4072 369 4108 R.
386 4073 433 4110 Vos.
449 4071 516 4110 Guis
531 4071 555 4108 lt
570 4078 612 4111 aut.
626 4071 653 4109 L:
668 4076 704 4110 aut
720 4066 828 4126 re'ursrat.
867 4083 874 4092 ·
