2430 4620
294 307 329 349 ru
356 285 973 363 VIRG1L-Btscot.v111‚21.—30.
1053 250 1057 257 ¹
1090 296 1154 364 149

105 467 155 522 niv
175 464 281 540 ἔνδρα.
317 469 343 523 0
359 471 442 523 turbo
464 473 599 525 maritum
623 488 717 526 meum
743 473 879 525 adducito.
907 472 987 526 *Sicut
1003 475 1049 528 hic
1066 477 1096 530 irr
1112 494 1154 532 ss·

104 541 281 607 quentibus:
310 539 410 591 Ducite
432 540 469 592 ab
495 542 569 595 urbe
592 543 708 593 domum
729 559 793 596 mea
815 543 954 607 earmina,
985 546 1075 599 ducite
1098 546 1154 605 De·

103 609 208 678 phnin,
248 607 334 676 [Meo
358 611 447 674 tibio5
464 627 534 663 ,mea
558 628 644 663 muse.
668 639 702 648 -
730 620 787 668 -22
810 604 979 680 Maenalus3
1003 614 1049 666 ille
1072 614 1154 682 ione]

106 681 315 743 Argutumque
339 695 450 744 nemus,
474 681 633 748 garrulum,
656 679 813 745 stridulum,
836 689 867 730 ut
883 682 932 746 (E.
948 690 982 745 7,
1000 682 1047 743 1.):
1070 683 1171 736 Forte·

105 750 159 797 suls
183 758 294 814 arguta
314 749 475 798 consederat
494 750 558 800 ilice
576 748 716 816 Daphnis.
751 747 890 817 Pinosque
909 751 1050 816 loquentes
1056 775 1066 816 ,-
1088 752 1151 805 ideo

103 815 158 867 lioc
175 831 266 866 aluus
280 815 429 881 estdicere,
441 815 505 884 quia
518 818 640 868 dicturus
653 825 707 869 est:
724 835 831 883 semper
842 831 987 882 passorum
1003 821 1050 870 ille
1066 822 1150 872 audit

104 902 235 937 amores.
273 883 319 934 Sic
336 884 420 934 etiam
444 886 474 937 in
497 882 589 955 prima
606 886 715 953 ecloga:
738 885 902 938 Formosum
923 905 1052 939 resonare
1069 890 1151 941 doces

104 953 298 1022 Amaryllida
317 954 414 1004 silvas.
450 953 495 1004 Sic
519 954 569 1023 [et]
585 955 614 1006 iu
633 953 754 1006 Aeneide
779 956 943 1020 (11,458,):
967 957 1048 1007 Dent
1071 961 1148 1010 soni·
1184 997 1188 1003 .

104 1037 166 1075 turn
196 1023 287 1074 rauci
310 1039 359 1089 per
381 1034 484 1089 stagna
509 1024 641 1089 loquacia
666 1023 715 1089 (el.
741 1023 901 1090 loquentia)
925 1028 1018 1092 cygni.
1036 1052 1071 1065 -
1105 1029 1150 1085 24.

106 1092 264 1160 [Panaque
282 1093 333 1157 quei
350 1093 458 1157 primus
476 1094 607 1152 calamos,
619 1109 675 1142 non
692 1109 796 1159 passus
811 1094 928 1158 inertes,-
945 1094 1002 1146 Pun
1015 1092 1149 1148 Arcadiae

110 1163 174 1215 deus
191 1169 247 1213 est.
284 1160 321 1209 Ut
337 1160 384 1225 (E.
404 1168 453 1226 10,
469 1162 539 1224 26.):
564 1160 623 1210 Fan
642 1161 711 1211 deus
728 1162 865 1212 Arcadiae
883 1164 972 1227 venit,
995 1163 1043 1232 qui
1059 1163 1149 1217 fistulo

114 1247 212 1283 cauae
243 1228 353 1299 primus
376 1227 497 1295 invenit,
519 1229 586 1298 quis¹
607 1230 728 1281 calamos
750 1228 780 1280 iu
798 1245 878 1282 tuum
894 1232 1047 1293 cautilenae
1064 1231 1149 1284 addu-

113 1315 176 1351 cens
190 1299 304 1350 inertes
323 1311 380 1348 esse
397 1312 453 1349 non
470 1315 562 1369 passus
580 1307 634 1365 est,
649 1299 668 1349 i.
685 1317 708 1350 e.
726 1298 826 1348 otiosos
832 1337 840 1364 ,
863 1300 922 1352 sine
939 1308 1011 1352 arte:
1035 1309 1063 1353 et
1080 1300 1147 1353 Non

109 1385 218 1436 passus.
236 1369 358 1428 inertes:
381 1366 458 1418 deest
474 1365 553 1432 esse]
568 1393 602 1404 —
636 1373 680 1425 26.
697 1366 797 1434 Mopso
815 1367 889 1419 Nisa
908 1371 1008 1432 dotum
1032 1369 1148 1422 bonetto

108 1436 291 1507 teupissimo,
321 1435 435 1504 pulchra
464 1435 593 1496 deformi.
635 1434 732 1504 [Quid
757 1453 815 1486 non
840 1454 980 1504 speremus
1005 1450 1148 1503 amantes,-

106 1522 261 1571 rperemus
277 1519 329 1573 pro
345 1504 509 1570 timeamus,
532 1513 562 1556 ut
580 1508 623 1572 (4,
638 1503 726 1566 419.):
751 1503 837 1554 Hunc
861 1524 910 1575 ego
935 1509 964 1558 si
980 1509 1063 1574 posui
1084 1518 1147 1557 ean.

107 1586 169 1642 tum
188 1589 307 1640 sperare
325 1573 464 1636 dolorem
485 1574 528 1627 sel
543 1573 609 1643 quid
630 1589 686 1625 uon
709 1588 850 1644 speremus
873 1568 994 1646 perv'ersi
1016 1574 1150 1640 accidere,

99 1660 174 1694 ‚cum
191 1643 251 1694 boe
268 1641 340 1699 mihi
356 1642 495 1694 acciderit.
528 1641 646 1693 Difficile
662 1658 720 1693 esse
736 1650 874 1711 putamus,
888 1645 936 1714 qui
953 1644 989 1696 eli
1009 1643 1056 1695 uid
1072 1660 1150 1695 ama·

105 1727 187 1778 mus,
210 1719 246 1760 ut
271 1727 304 1761 aa
327 1727 398 1778 quae
421 1726 547 1762 amamus
563 1710 671 1778 assequi
693 1709 844 1779 possimus]
862 1738 896 1750 -·
930 1720 973 1770 27.
989 1661 1147 1780 iungentur
1210 1713 1213 1732 '

107 1783 169 1831 iam
187 1778 315 1848 gryphes
333 1781 428 1848 equis,
452 1780 559 1847 [utrum
582 1779 658 1832 idem
680 1778 777 1846 iugum
801 1779 950 1831 subibunt?
973 1788 1004 1834 ut
1020 1782 1152 1840 dicuutur,

107 1848 191 1916 iungi
206 1848 350 1900 iumenta:
374 1866 410 1899 an
427 1851 502 1898 coitu
518 1845 687 1916 iungentur?
721 1846 849 1916 Gryphes
866 1848 972 1914 autern]
1008 1851 1077 1916 (Hoc
1094 1849 1146 1911 est)

108 1933 198 1984 genus
222 1917 351 1968 ferarum
376 1917 405 1968 in
428 1915 613 1985 Hyperboreis
635 1915 756 1966 nascitur
779 1917 927 1968 montibus.
961 1917 1045 1969 Omni
1069 1925 1149 1986 parte

109 1986 205 2038 leones
230 1993 310 2049 sumt,
334 1986 384 2036 alis
407 1992 437 2036 et
459 1984 530 2037 facie
556 1982 652 2054 aquilis
676 1984 793 2048 similes,
817 1985 894 2053 equis
910 1987 1088 2038 vehementer
1105 1985 1147 2036 iu-

109 2055 222 2118 iensee,
247 2053 366 2120 Apollini
383 2061 566 2106 consecratae.
600 2053 725 2120 Aevoque
744 2056 870 2120 sequenti
875 2078 885 2120 ,-
909 2071 1017 2106 accessu
1040 2051 1147 2137 tempo-

110 2124 147 2175 ris
164 2137 225 2174 non
243 2123 333 2174 solum
352 2123 483 2188 pulchrae
499 2121 670 2175 deformibus
686 2123 807 2188 nubent,
823 2123 871 2175 scd
889 2123 972 2175 etiem
990 2132 1146 2174 contrariae
1206 2132 1209 2137 '

111 2201 231 2243 canuae
256 2191 387 2243 animalia
409 2191 565 2258 iungentur.
612 2191 788 2258 [Notandum
810 2208 885 2249 sene,
901 2209 1001 2243 aevum
1026 2191 1071 2242 hic
1094 2205 1147 2258 pro

112 2266 258 2328 tempore,
282 2268 313 2310 ut
328 2262 387 2328 ipse
406 2261 471 2312 alibi
486 2263 537 2326 ’(3,
554 2260 643 2321 415.):
668 2259 791 2309 Tantum
809 2265 873 2311 oevi
898 2261 1055 2328 lorsginqua
1073 2260 1146 2311 volet

114 2343 222 2380 musore
241 2340 376 2380 vetustos.
410 2328 548 2380 Sallustius
564 2329 608 2378 VI.
624 2329 738 2380 Histor.:
753 2329 790 2378 ln
808 2332 873 2396 quis
891 2331 1059 2397 longissimo
1078 2342 1146 2381 aeos

112 2401 198 2467 plura
223 2398 258 2467 de
274 2399 361 2450 bonis
380 2396 463 2466 salsa
488 2398 660 2448 indecorius
686 2401 850 2463 composuit.
884 2399 956 2450 Alias
973 2413 1070 2450 aevum
1094 2411 1145 2468 pro

112 2467 208 2530 niuis,
232 2476 265 2517 ut
287 2471 338 2533 (2,
355 2466 450 2533 638.):
478 2466 532 2516 Vos
557 2485 572 2517 o
597 2466 700 2532 quibus
725 2469 831 2533 integer
856 2469 920 2517 aevi
936 2464 1091 2534 sanguis]
1112 2489 1146 2504 -·

114 2542 156 2593 28.
175 2535 248 2585 Cum
273 2526 393 2586 donibus
417 2528 520 2587 timidi
536 2537 647 2586 venient
671 2537 707 2584 ad
731 2537 833 2602 pocula
859 2538 973 2602 damae;
999 2535 1095 2586 alludit
1111 2533 1146 2586 ad

148 2619 255 2655 rsouas.
288 2606 362 2656 Nam
377 2605 456 2655 illum
473 2603 551 2673 quasi
567 2621 665 2655 canem
683 2605 751 2670 vult,
767 2605 844 2656 illurn
862 2605 940 2672 quasi
956 2607 1067 2656 damam
1082 2603 1146 2654 vult.

135 2681 148 2722 t
165 2673 268 2724 domas
284 2673 436 2725 masculino
453 2689 556 2740 genere
572 2673 675 2742 posuit,
690 2673 730 2723 sic
746 2673 812 2723 alibi
830 2673 874 2738 (G.
887 2672 912 2736 3,
931 2673 1018 2736 539.):
1037 2671 1147 2722 'limidi

115 2742 229 2806 domae,
256 2747 383 2808 cervique
402 2742 532 2811 fugaces.
566 2742 695 2793 Horatius
712 2741 815 2807 (carm.
834 2748 866 2807 1,
883 2741 919 2801 2.)
942 2740 1076 2792 feminino
1089 2741 1146 2799 ¹uit:

115 2808 273 2875 duperiecto
291 2813 412 2881 pavidae
431 2823 567 2879 natarunt
584 2827 702 2875 aequore
721 2811 827 2861 damae.
869 2809 916 2878 [Et
932 2809 979 2860 hic
996 2827 1032 2869 ne
1049 2804 1146 2875 duoss-

104 2876 237 2933 rursm
253 2882 371 2946 faceret,
387 2881 535 2932 dicendum
553 2881 648 2929 timidi
666 2878 783 2944 domae]
802 2906 837 2916 -
877 2882 922 2934 29.
939 2877 1039 2945 Mopse
1057 2894 1146 2927 nonos

118 2950 209 3000 incide
227 2948 331 3018 [πως
356 2967 426 3017 quse
450 2949 538 2999 solent
561 2948 669 3018 praeire
693 2946 827 2998 nubentes
848 2947 966 3021 puellus.
1007 2946 1145 3013 [Gorneae

118 3032 181 3069 sane
204 3019 295 3084 iaces,
320 3028 397 3087 ‘quae
422 3017 500 3085 quasi
523 3016 691 3067 diutissimae
713 3015 839 3082 luceant,
863 3031 929 3082 quus
950 3016 1064 3081 rapiunt
1085 3021 1150 3070 tarsa

117 3102 197 3155 quam
214 3087 288 3139 vitae
304 3087 449 3156 praesidia.
483 3086 609 3151 Namque
631 3084 673 3134 his
691 3084 738 3150 qui
755 3092 818 3134 sunt
840 3083 918 3151 petiti
935 3083 1036 3135 diutius
1052 3083 1147 3134 ierun-

99 3160 159 3211 ¹tur
184 3155 298 3221 ruisse]
332 3155 423 3220 (Saue)
447 3155 533 3205 Varro
558 3154 588 3204 in
605 3153 689 3204 Aetiis
715 3152 781 3203 dicit
803 3148 936 3220 [sponsas]
959 3152 1048 3218 (ideo)
1072 3151 1147 3204 iaces

109 3225 241 3293 μήτε,
264 3224 337 3292 quod
354 3232 436 3276 antea
452 3235 507 3273 non
525 3220 578 3273 nisi
594 3238 644 3291 per
662 3229 772 3271 noctem
788 3222 924 3273 nubentes
940 3219 1110 3275 ducebantur
1128 3237 1146 3273 ι

99 3288 107 3297 “’
118 3292 226 3359 sponsis.
263 3295 337 3362 Quas
354 3291 439 3344 etiem
455 3292 516 3342 ideo
531 3291 619 3341 limen
638 3290 676 3341 ait
691 3304 749 3340 non
764 3297 896 3356 tangere,
917 3307 953 3341 ne
970 3307 986 3340 a
1002 3287 1146 3355 sacrilegio

119 3359 294 3427 inchoarent,
315 3365 338 3412 si
356 3359 730 3431 deposituraevjrginitatem
747 3357 854 3408 calcent
869 3373 933 3408 rem
950 3359 1062 3419 Vestae,
1086 3355 1104 3406 i.
1122 3374 1151 3420 e,

115 3432 221 3487 pomini
245 3429 396 3482 castissimo
426 3437 622 3480 consecratam.
644 3451 677 3462 -
727 3432 770 3483 30.
793 3426 898 3493 Sparge
920 3428 1019 3480 morice
1045 3441 1146 3489 nuces,-

99 3496 187 3550 ,idem
202 3502 293 3550 Varro
317 3498 535 3568 spargendorum
558 3512 661 3547 nucum
684 3493 840 3545 haecdicit
863 3511 920 3546 esse
938 3495 1092 3558 rationem,
1116 3501 1168 3546 ut·

99 3564 179 3647 :lovis
192 3567 292 3621 omine
308 3569 520 3624 matrimonium
537 3565 710 3628 celebretur,
725 3570 755 3618 ut
770 3571 857 3640 nuptu
873 3570 1002 3619 matrona
1017 3561 1060 3627 sit,
1075 3560 1148 3613 sicut

99 3652 103 3679 l

137 3738 173 3786 26)
202 3739 274 3780 Guelf.
287 3739 304 3778 1.
320 3739 395 3779 datur.-
418 3738 540 3783 Verecunda
555 3723 617 3777 doiur
629 3740 718 3792 pessimo
733 3741 770 3773 ete.

132 3818 172 3869 ⁴²9)
199 3824 242 3862 Pro
257 3823 290 3860 bis
305 3823 340 3874 qui
352 3835 368 3858 a.
380 3821 442 3871 petili
454 3820 520 3858 Dru:
535 3820 567 3858 lu'i
579 3832 631 3871 quoe
644 3818 656 3840 '¹
670 3834 687 3857 s.
698 3832 735 3870 p.,·
750 3818 834 3865 Heius-3
849 3819 875 3860 r'i'e
888 3830 940 3913 ppos
953 3831 970 3856 s.
981 3817 1071 3875 petitae,¹
1091 3813 1146 3854 Vos·

192 3880 248 3918 sius:
269 3879 301 3916 leis
320 3891 372 3928 quae
393 3891 409 3914 r.
427 3880 513 3928 potitos.
542 3879 568 3914 V.
581 3877 632 3919 Uht.
653 3877 679 3915 ud
701 3875 758 3912 Grai.
772 3869 821 3913 484.
836 3895 861 3908 a·-
911 3875 942 3919 eip
964 3875 989 3912 L.
1003 3876 1046 3911 sine
1063 3874 1145 3920 Vurm

191 3937 254 3989 unde
269 3934 339 3972 Heius.
358 3930 401 3972 er'r'e
421 3941 443 3973 ut
467 3938 505 3983 V.,
521 3934 574 3971 Tum
595 3946 632 3982 pro
655 3936 702 3972 Ast.
727 3934 795 3969 surm.
816 3933 908 3983 nuptiis,-
934 3932 960 3969 Ia.
980 3931 1005 3967 R.
1026 3931 1097 3972 ostris,
1120 3929 1147 3966 V.

191 3994 293 4038 Mosen,-
315 3993 337 4027 Β.
356 3993 416 4035 asiis,
436 4002 534 4040 suprascr.
555 3991 637 4041 naplir'e.
659 3988 726 4026 Guell.
740 3988 754 4024 l.
776 3987 840 4027 orr'dr's.
861 3987 928 4026 Guelf.
942 3989 966 4025 ll.
986 3985 1053 4024 assisa.
1072 3984 1097 4023 ot.
1118 3983 1145 4022 ed

190 4052 246 4090 Aen.
260 4050 288 4094 1,
302 4043 351 4087 ⁴08.
380 4047 498 4090 Callimachi
513 4049 576 4091 Aetia
591 4059 650 4103 susp·
665 4045 781 4084 laudentur.
