2452 4626
358 78 363 107 l

118 245 198 351 no
387 274 697 359 ‚mrauraaras
719 277 906 341 naornr
1030 258 1033 264 “
1080 312 1083 321 .

129 456 297 532 consuetpdo
313 470 348 515 ut
364 462 473 516 dicatur
491 477 566 533 equa
581 461 642 517 vira
659 478 731 532 quas
747 471 924 517 ructantum
940 464 1001 516 rivo
1019 472 1100 517 meat
1117 503 1125 518 .
1142 502 1149 516 .
1167 502 1176 516 .

128 549 240 604 semper
256 549 353 589 means
370 533 401 585 in
418 549 452 586 eo
470 532 578 600 paludis
594 540 684 602 portu·
694 550 747 595 neo
764 534 837 584 mori
854 534 1023 600 torpescens.
1038 561 1076 572 -
1112 540 1174 591 721.

129 602 219 655 Latos
238 619 368 667 umcros,·
396 603 458 655 iure
476 602 583 654 dictum
601 609 642 652 est
663 601 748 666 latos,
773 619 824 658 neo
843 603 964 656 notanda
980 602 1117 658 iactantia
1133 610 1174 654 est

128 673 159 724 in
181 671 313 734 veritate,
338 672 410 732 sicut
431 670 500 723 illud
522 670 553 723 in
575 670 668 741 primo
692 672 799 738 (378.)=
825 670 892 733 Sum
916 673 977 740 pius
998 673 1115 724 Aeneas.
1139 697 1175 708 -

129 748 192 798 723.
209 738 386 808 succedoque
405 741 486 796 oncri
503 777 510 791 .
527 775 536 795 .
553 776 560 790 .
579 740 690 790 sustollo
707 741 801 810 validis
820 741 923 791 umeris
943 779 949 792 .
966 779 972 790 .
990 741 1174 808 ‚genitorem

115 809 214 866 'Elisio
236 826 275 862 na
292 847 299 860 .
316 844 324 862 .
339 827 349 866 ¹.
371 825 451 860 sacra
474 816 605 875 contactu
628 809 729 875 (vetat),
770 808 878 864 Dextra
904 827 932 860 se
955 827 1063 874 parvus
1090 810 1173 862 Iulus

130 879 281 947 inplicuit,-
306 886 339 933 et
354 877 461 936 dictum
475 877 604 946 inplicuit
620 887 737 946 propter
753 879 835 950 pueri
851 879 1070 947 trepidationem
1087 915 1096 931 .
1114 916 1122 931 .
1140 915 1148 931 .
1167 914 1175 930 .

196 1017 310 1071 Aeneid.
328 1024 360 1078 3,
376 1020 439 1074 691.
464 1015 562 1068 Comes
581 1013 710 1085 infelicis
730 1013 829 1081 Ulixi,-
856 1016 1004 1073 Cornutus.
1035 1013 1114 1071 Num
1130 1015 1173 1066 in-

128 1087 230 1143 decore
251 1087 305 1145 hoc
331 1084 445 1150 dicitur,
468 1101 537 1153 qum
560 1084 596 1134 sit
613 1085 701 1136 Ulixes
724 1084 809 1136 hostis
825 1085 955 1141 Aeneae?
977 1087 1074 1152 Asper.
1110 1084 1174 1135 Non

128 1155 259 1215 indecore
276 1154 324 1207 sed
340 1155 415 1225 patio
433 1152 589 1222 (pathetice)
606 1190 615 1209 ,
632 1190 640 1207 .
657 1191 664 1204 .
681 1153 844 1220 magnifice,
861 1153 994 1222 quoniam
1011 1152 1114 1205 eadem
1130 1170 1175 1206 er·

128 1224 239 1276 roribus
263 1231 292 1276 et
315 1222 445 1291 periculis
471 1223 631 1291 patiebatur
648 1223 764 1279 Aeneas.
779 1249 814 1260 —
848 1230 909 1282 693.
928 1221 1101 1290 Plemyrium
1119 1239 1174 1272 un-

129 1293 247 1357 dosum,-
270 1292 391 1358 Longus.
434 1290 608 1344 Plemuriurn
632 1291 688 1342 fuit
709 1291 890 1346 emendatum
911 1291 1084 1359 Plemyrium
1108 1305 1174 1362 pro·

23 1394 30 1412 .
77 1376 79 1387 ·
128 1362 305 1417 muntorium
333 1360 453 1418 Siciliae,
497 1359 612 1413 Dictum
642 1366 738 1415 autern
768 1354 825 1414 tut
847 1357 998 1429 πλημύρων
1028 1358 1096 1412 ideo
1125 1368 1176 1425 est,

79 1438 81 1444 ’
127 1431 203 1502 quod
219 1429 341 1501 undique
357 1429 488 1498 {luptihus
505 1429 640 1498 undisque
657 1429 794 1488 adluatur.
826 1430 925 1486 Nessea
941 1431 1017 1500 prius
1033 1428 1175 1499 appellata

129 1500 246 1567 Ortygia
264 1536 272 1550 .
289 1537 296 1551 .
313 1533 322 1549 .
339 1498 464 1568 apposita
482 1535 492 1554 .
508 1534 515 1549 .
533 1535 541 1552 .
557 1512 618 1550 esse
633 1498 708 1551 dicta
730 1498 766 1550 ab
790 1514 825 1551 eo
843 1501 918 1569 quod
935 1490 1045 1570 Latona
1061 1498 1174 1562 lugiens

128 1569 286 1625 draconem
297 1568 452 1638 Pythonem
475 1566 506 1619 in
530 1567 705 1621 coturnicem
727 1575 850 1632 mutata,
873 1585 945 1636 quae
969 1585 1071 1637 graeoe
1090 1565 1173 1638 ὄρτυξ

127 1636 246 1702 dicitur,
267 1636 298 1689 in
323 1653 386 1690 eam
404 1635 558 1688 evolaverit.
576 1660 611 1673 -
644 1642 707 1695 696.
723 1637 786 1689 Duo
804 1653 854 1690 ora
878 1639 983 1691 habere
1005 1636 1052 1694 hie
1071 1636 1173 1693 fluvius

129 1705 300 1777 (alphaeus)
325 1705 440 1769 dicitur3
464 1720 586 1775 quorum
610 1705 731 1765 altarum
754 1701 843 1774 oripo
867 1702 1016 1776 Ἁλφαίου,
1049 1705 1172 1762 alterum

128 1774 218 1844 στόμα
237 1771 419 1845 Ἀρεθοῦσησ.
436 1802 471 1812 -
512 1779 574 1833 699.
592 1773 664 1825 Sata
681 1773 811 1843 Pachyni
816 1800 825 1841 ,·
849 1778 1010 1846 Pachynum
1036 1790 1172 1844 promun-

35 1862 39 1871 “
129 1846 234 1900 lorium
247 1844 352 1897 dictum
365 1844 440 1913 quod
456 1843 519 1910 (ibi)
535 1851 650 1915 propter
666 1880 674 1896 .
692 1878 699 1894 .
717 1881 725 1899 .
742 1845 802 1897 luas
821 1881 874 1906 ..‚.
890 1847 1000 1898 densior
1015 1844 1051 1895 sit
1067 1848 1126 1898 adr.
1138 1868 1173 1885 -

128 1922 191 1975 tot.
208 1916 330 1982 Apparet
348 1914 498 1971 Camerina
523 1914 639 1980 procul,·
662 1915 757 1980 Asper.
782 1915 933 1969 Camerina
956 1913 1068 1970 Siciliae
1094 1913 1173 1982 oppi-

67 2006 70 2016 *
117 1986 224 2055 'duma
240 2020 248 2040 2
266 2001 305 2036 ·r
324 2021 330 2034 .
348 2020 356 2034 .
375 1990 472 2037 .teret
494 1990 603 2052 pestem
621 2018 628 2033 .
645 2019 653 2035 .
670 2019 679 2038 .
695 1983 805 2035 ensibus
823 1985 870 2050 (in
887 1985 938 2046 ca)
954 2019 1011 2043 .,.·
1036 2000 1053 2035 e
1071 1981 1173 2034 exhau·

128 2055 187 2110 rire
210 2069 276 2106 eam
297 2052 490 2115 instituerunt;
520 2067 592 2120 quae
616 2067 682 2103 cum
704 2051 902 2121 attingeretur,
924 2060 1030 2105 tetrum
1053 2050 1172 2105 odorem

129 2123 270 2178 reddebat.
310 2122 386 2174 Tum
410 2120 524 2172 consilio
548 2127 630 2191 capto
654 2120 689 2173 ad
714 2123 858 2173 oraculum
875 2122 1006 2190 Apollinis
1031 2118 1171 2174 obierunt.

129 2192 174 2247 Ibi
188 2208 353 2257 responsum
368 2201 425 2240 ests
443 2187 496 2255 Μῆ
514 2191 582 2244 ullae
595 2191 768 2258 Καμερίαν·
784 2187 909 2258 ἀκίνητος
926 2187 979 2261 yrip
997 2184 1171 2260 opetona,-

43 2306 48 2317 ,
130 2265 192 2319 705.
211 2259 344 2314 Pnlmosa
359 2258 488 2320 Setinum
505 2256 626 2325 Longus.
660 2259 744 2328 Quasi
762 2259 869 2333 Opuns,
886 2261 1035 2324 Amathus,
1051 2258 1126 2317 unde
1139 2266 1172 2312 vet

129 2328 291 2393 Selinunti,
315 2327 394 2397 quasi
418 2326 536 2396 Opuntii
557 2335 587 2381 et
609 2329 785 2383 Amathuntii
806 2331 943 2386 dicuntur.
983 2328 1122 2396 Selynas·.
1138 2365 1171 2382 .-

130 2400 157 2452 ol
175 2397 331 2465 mpionicas
353 2397 442 2448 multo
465 2397 592 2464 (multos)
617 2397 700 2450 luisse
724 2399 837 2453 adnotat
853 2399 976 2452 Milestos
999 2397 1171 2466 (Milesiosl

130 2416 307 2534 Myel'issusl)
332 2492 367 2504 -
407 2472 469 2526 τοᾷ.
493 2464 572 2522 Hine
596 2464 727 2532 Drepani
752 2485 793 2524 mc
816 2480 929 2534 portus3
953 2505 960 2520 .
984 2505 992 2523 .
1016 2505 1024 2520 .
1050 2481 1120 2517 cum
1143 2470 1172 2523 Χ

128 2531 262 2611 (Xpo'oos,
280 2532 430 2606 Kpdoos?)
444 2542 578 2591 castraret
593 2542 702 2605 patrem
720 2553 800 2588 suum
818 2538 935 2589 Caelum
952 2535 1035 2602 (aliis)
1052 2572 1062 2593 .
1077 2572 1087 2588 .
1105 2569 1113 2586 .
1130 2540 1173 2587 tu*

130 2606 196 2659 dine
220 2605 295 2675 quod
314 2604 353 2657 ad
376 2603 508 2657 bracchia
532 2599 564 2657 X
579 2640 586 2653 .
604 2638 635 2656 ..
657 2605 735 2656 lalcis
761 2607 893 2674 imagine.
933 2607 973 2660 .C.
995 2603 1120 2675 Fannius
1141 2604 1172 2657 in

131 2665 206 2736 ,tull
223 2674 324 2732 Annali
338 2673 506 2739 Drepanum
522 2672 626 2739 modo,
637 2673 723 2724 modo
738 2674 871 2746 Drepana
886 2675 1016 2746 appellat.
1173 2728 1177 2733 ,

199 2744 313 2796 Aeneid.
329 2745 440 2809 4,146.
464 2741 590 2810 Pictipus
613 2741 784 2810 Agathfflsst
807 2745 901 2814 Asper.
942 2744 1034 2797 Pictos
1057 2742 1173 2812 stigmo-

131 2830 189 2880 sos,
205 2820 238 2869 ut
254 2813 301 2880 (G.
317 2822 351 2877 2,
368 2812 457 2879 115.):
481 2812 628 2880 Pictosque
645 2811 772 2863 Gelonos.
806 2813 838 2863 In
856 2812 981 2882 prothesi
997 2811 1174 2866 Laodamiae·

132 2900 165 2943 ao
187 2880 308 2953 Pt‘tpyrin
326 2917 334 2937 .,
352 2919 359 2932 .
376 2918 383 2933 .
400 2881 485 2945 ,haec
509 2887 590 2948 terga
615 2880 736 2936 habeant
759 2881 912 2948 stigmata?
943 2881 1075 2937 Scaurra.
1109 2881 1174 2933 Ore·

132 2965 189 3017 κη
208 2952 273 3020 quia
289 2954 422 3024 responso
439 2957 552 3018 accepto
570 2965 602 3000 ex
618 2949 798 3008 insulaCreta
815 2951 934 3020 profecti
950 2988 957 3004 .
974 2989 984 3008 .
1000 2987 1006 3001 .
1024 2958 1057 3006 et
1070 2949 1173 3009 ducem

130 3021 218 3079 secuti
238 3019 380 3088 Delphum
402 3019 554 3074 Phocidem
583 3018 704 3071 tenuisse
725 3018 869 3084 dicuntur,
898 3020 988 3088 adque
1021 3019 1059 3071 ab
1083 3034 1120 3071 eo
1143 3035 1176 3071 se

131 3089 253 3157 Delphos
277 3088 450 3152 nominasse,
473 3096 504 3139 ut
525 3086 643 3141 Phalaro
667 3123 697 3141 ..
716 3125 725 3142 .
747 3085 950 3155 (Phalorchus,·
974 3086 1176 3145 Philarchurss

131 3157 349 3225 Alexarchffl)
367 3178 400 3194 -
435 3152 498 3217 149,
513 3155 605 3207 Haud
620 3157 670 3211 itta
690 3159 820 3224 segnien-
838 3156 958 3225 Longus.
992 3156 1111 3225 Segnior
1128 3159 1174 3210 de-

131 3228 251 3281 sorador
275 3224 484 3294 accipiendum,
506 3225 644 3295 siquidem
666 3225 757 3293 segnis
782 3233 822 3277 est
844 3226 903 3277 sine
927 3227 1009 3293 igne,
1031 3229 1052 3278 i.
1075 3244 1101 3279 e.
1124 3228 1173 3279 fri-

91 3307 92 3310 ’
150 3282 221 3353 ’idus
238 3333 246 3349 .
263 3333 273 3354 .
289 3297 379 3348 ,nam
392 3302 421 3346 et
429 3296 610 3348 *formonsum
622 3310 679 3345 non
692 3294 802 3346 aliunde
815 3294 931 3346 dicimus
946 3311 1032 3367 quam
1046 3313 1064 3347 a
1075 3295 1177 3352 calido,

132 3314 267 3421 iormum
290 3365 367 3424 enirn
384 3363 514 3422 dicebant
531 3363 638 3432 antiqui
653 3363 782 3419 eandum.
817 3362 894 3415 Unde
912 3400 919 3413 .
937 3401 944 3416 .
962 3378 1105 3431 ‚segnem
1122 3379 1176 3435 pro

132 3434 253 3489 deformi
270 3473 276 3486 .
295 3473 301 3486 .
320 3471 327 3492 ,
345 3433 412 3485 dicit
427 3433 572 3500 Vergilius.
588 3458 623 3470 -·
658 3439 719 3490 158.
742 3431 820 3486 Votis
845 3444 939 3500 optata
962 3449 1068 3498 porum
1084 3436 1176 3500 (optor

133 3503 589 3642 contammata..
613 3500 1178 3631 lr.flll35²²¹¹·‘¹²t÷.¹¹t.²:²s;³t.t

133 3645 243 3719 primsp
266 3642 359 3713 primo
382 3648 498 3710 propter
514 3645 622 3695 metram
641 3655 736 3706 parvm
761 3654 824 3696 mox
849 3639 900 3691 ubi
914 3640 1012 3693 valere
1023 3639 1085 3692 iam
1101 3640 1178 3710 cepit

134 3708 1179 3846 iii‘liii'xs‘ibhffmiid‘rifflmimi).liliisii‘iiii‘idi}

135 3847 299 3919 ...mam
316 3881 348 3905 .,.
365 3881 374 3900 .
391 3832 522 3918 sponset.
556 3847 654 3915 Asper..
685 3848 732 3903 Ata
749 3885 755 3897 .
774 3885 784 3903 .,
800 3883 811 3905 .
830 3848 861 3898 in
876 3847 950 3898 Deos
974 3817 1093 3903 saievire.
1125 3849 1178 3900 Fa·

136 3935 216 3971 mam
237 3916 355 3983 creavit,
383 3933 434 3991 per
568 3914 634 3982 quia
656 3913 869 3970 introducuntur
892 3916 1013 3968 inuicem
1035 3924 1178 3969 certantes

137 3997 165 4041 et
180 3984 290 4055 adulter
307 4023 314 4036 .
333 4021 343 4041 .,
358 4022 365 4036 .
383 3993 412 4036 et
428 3983 465 4036 he
487 3983 492 3995 '
514 3999 604 4036 erasse
621 3984 692 4036 haec
710 3983 790 4036 nobis
805 3984 1021 4037 innotescerent.
1057 3987 1178 4038 Famam

41 4124 43 4130 Α
137 4055 273 4126 Vergilius
294 4052 473 4123 siuguluitsr
495 4060 545 4107 aut
560 4050 712 4122 Sallustius
729 4091 736 4102 .
755 4088 788 4106 ..
814 4053 913 4124 plurali
937 4071 1070 4117 nurnero,
1095 4063 1128 4104 ut
1151 4055 1179 4105 in
