2452 4626
254 333 269 377 ἢ,
300 296 336 339 n
358 274 519 341 vmou.
541 274 699 341 auson
720 277 758 353 1,
781 282 887 349 1-t·
1063 222 1119 355 9⁷²

65 455 280 530 Georgicorum:
304 459 462 529 studetque
479 446 611 527 iuventa,
637 459 748 529 Tityre,
766 474 791 514 tt
808 464 923 531 patulus
941 467 1032 518 assini
1050 467 1103 521 sub

19 580 27 603 3
67 535 174 598 tegmine
185 529 273 598 sagi.
308 530 346 582 Et
362 531 430 583 dicit
439 531 574 596 Donatus,
591 531 768 600 quodetiam
784 533 925 600 inpositae
938 537 1105 590 memoravi·

19 614 27 641 :
65 615 115 650 runs
128 600 205 663 vita,
231 600 262 648 in
281 598 435 651 scribendis
457 599 628 651 carminibus
651 599 809 654 naturalem
826 602 954 656 ordinem
977 613 1103 660 secutum

23 692 29 723 :·
64 668 290 737 esseVirgiliutn.
325 668 420 719 Primo
437 669 512 719 cuim
550 666 674 720 astoralis
691 669 744 721 fuit
759 669 788 722 in
806 671 949 723 urentibus
961 672 1022 737 vita,
1039 684 1102 740 port

21 758 25 795 ς
61 738 248 805 agriculturae
277 750 376 802 eruor,
403 737 468 789 inda
501 738 518 788 b
555 753 638 788 orum
666 752 733 788 atara
757 741 892 791 suscessit
914 764 919 772 ·
941 742 1101 797 Notandum

18 840 32 851 ..
58 822 176 875 qnoque,
202 804 401 857 Bucolioaxel
418 805 556 873 Georgica
574 822 641 856 cum
657 807 730 876 apud
748 807 870 859 Graecos
893 807 924 861 in
941 809 996 863 fine
1012 811 1101 868 habe·

18 858 25 907 3
57 884 96 926 snt
121 882 299 938 accentum,
322 875 396 944 apud
419 890 469 925 nos
493 876 523 926 in
548 875 630 927 tertia
655 893 671 926 a
694 874 750 927 line
772 876 884 929 habere.
921 877 994 930 Nam
1019 881 1096 935 utin

56 945 145 996 ultima
161 943 217 1009 sit,
235 941 359 994 latinitas
375 951 463 996 vetat:
481 945 555 995 utin
573 943 728 1013 penultima
745 961 801 996 uon
818 944 867 1012 sit,
885 945 1026 1001 brevitatis
1039 949 1098 1002 effi·

56 1013 86 1064 cit
105 1011 191 1072 ratio.
246 1010 344 1064 Etiam
373 1012 427 1063 boc
449 1012 608 1077 sciendum,
639 1019 667 1065 et
710 1028 822 1066 ersonas
844 1014 926 1066 haliau
949 1018 1041 1084 operis
1064 1028 1098 1071 ax
1171 1047 1175 1063 2

57 1082 147 1135 naiora‘
165 1086 256 1149 parte
272 1080 389 1133 nomina
407 1081 441 1134 de
458 1080 542 1132 robus
559 1080 667 1135 rusticis
723 1081 791 1134 bere
807 1081 940 1148 conlicta,
965 1086 995 1136 ut
1011 1085 1096 1138 Meu·-

60 1151 148 1202 loeas:
172 1142 222 1203 ὅτι
242 1145 321 1217 μέλει
337 1143 411 1216 αὐτῷ
426 1146 586 1218 raimonis,
611 1150 629 1201 i.
647 1168 671 1205 e.
695 1150 760 1220 quia
782 1164 881 1203 curant
896 1151 971 1220 gerit
993 1154 1096 1208 boum:

19 1270 24 1275 ,
61 1227 87 1270 ut
100 1219 228 1288 Tityrus.
264 1219 340 1270 Nam
362 1218 507 1271 Laconum
529 1220 627 1288 lingua
650 1219 760 1287 Tityrus
783 1219 885 1271 dicitur
909 1221 980 1277 aries
1003 1224 1096 1278 maior

15 1306 24 1353 ·,
61 1288 101 1356 qui
115 1303 235 1358 gregem
254 1291 363 1340 anteire
378 1287 531 1341 consuevit:
547 1289 618 1338 sicut
634 1289 720 1347 etiam
736 1288 766 1339 in
783 1289 933 1340 comoediis
948 1292 1096 1348 inseritur.

15 1380 18 1385 ·
58 1356 121 1410 liaris
135 1355 373 1424 Pamphilu-*ert
388 1365 479 1408 toturn
495 1372 607 1408 amans:
634 1355 813 1423 Glycerium,
836 1360 913 1425 quasi
931 1359 1016 1411 dulcis
1034 1378 1095 1414 ruu-

54 1426 104 1480 lier.
136 1425 335 1491 Philumena,
351 1425 487 1478 amabilis.
521 1426 670 1477 Personae.
694 1425 766 1476 sicut
782 1441 866 1495 supra
882 1426 952 1493 dixi,
974 1431 1094 1484 rusticae

10 1494 20 1539 -Ι
55 1504 121 1562 tunt,
148 1504 181 1549 at
212 1494 395 1564 simplicitate
425 1491 584 1562 gaudentes.
633 1494 711 1545 Unde
734 1494 805 1544 nihil
827 1493 856 1545 in
873 1495 920 1545 »his
944 1497 1094 1566 urbanum,

57 1565 111 1616 nbi]
133 1563 379 1621 declamatorium
399 1561 552 1615 invenitur:
577 1561 625 1613 sed
649 1579 680 1612 ex
703 1579 735 1613 re
758 1563 861 1618 rustice
882 1570 946 1615 sunt
968 1567 1100 1634 nomina,

59 1635 173 1702 uegetis,
198 1648 269 1684 com
322 1632 443 1695 stiones,
474 1636 502 1682 et
526 1631 549 1680 si
573 1635 715 1699 quaeunt
738 1630 800 1682 alia.
841 1631 912 1682 Hinc
938 1642 993 1699 est,
1016 1637 1092 1704 quod

15 1704 18 1709 '
57 1718 128 1754 unos
143 1720 164 1754 ι
180 1703 275 1754 fructi
296 1717 326 1752 us
348 1708 505 1770 computat,
528 1707 573 1749 ut:
598 1697 662 1750 Post
680 1701 790 1766 aliquot
808 1717 867 1750 rnen
887 1716 973 1768 regno
986 1706 1091 1759 ,uidens

58 1774 171 1823 uirabor
196 1773 319 1821 aristas.
368 1770 440 1821 Hinc
464 1768 550 1820 etiam
573 1767 637 1819 illae
661 1768 883 1836 comparationes
904 1778 982 1821 sunt:
1014 1772 1091 1824 Nam
1151 1833 1155 1839 ,

57 1857 128 1908 uque
147 1858 194 1892 me
211 1851 329 1891 tantum
347 1839 485 1889 uenientis
504 1836 608 1887 sibilus
628 1839 736 1900 austri,
762 1836 820 1887 Nec
837 1854 971 1904 percussa
986 1844 1092 1894 iuvant

54 1910 131 1977 fluctu
156 1922 223 1962 tram
250 1911 353 1975 litora,
378 1924 426 1959 nes
450 1923 522 1976 quus
539 1905 665 1956 Sososas
690 1907 764 1956 inter
787 1907 943 1958 decurrunt
957 1907 1090 1976 flumina

58 1981 138 2032 valles.
175 1982 184 1991 ⁵
220 2018 226 2023 -
262 1997 265 2000 ⁴
343 2030 351 2042 ,

241 2061 274 2087 l·
371 2087 376 2094 ,
412 2080 415 2093 ,
451 2084 454 2090 ,

106 2117 268 2171 mLOGA
284 2117 306 2167 L
341 2120 366 2173 1.
385 2112 482 2182 Tityre
499 2124 530 2164 tu
548 2111 663 2179 patulas
681 2117 750 2172 etc.;
766 2108 907 2163 inducitur
925 2116 1018 2183 pastor
1030 2117 1089 2185 qul-

58 2184 104 2238 lun
126 2188 230 2241 iacens
255 2184 307 2236 sub
330 2183 432 2236 arbore
449 2197 560 2235 securus
584 2189 613 2233 et
635 2180 738 2231 otiosus
756 2179 824 2232 dare
841 2186 1088 2250 operamcentile·

11 2254 23 2267 “
57 2271 107 2308 aas:
130 2257 208 2309 alter
234 2269 302 2306 vero
325 2254 374 2324 qui
396 2269 463 2304 cum
486 2249 666 2319 gregibusex
691 2251 745 2298 suis
768 2247 880 2316 pellitur
902 2249 1016 2304 finibus:
1040 2256 1089 2324 qui

57 2339 104 2376 tum
118 2326 261 2396 Tityrum
278 2322 438 2394 respexisset
454 2323 611 2383 iacentem,
634 2319 674 2369 ita
696 2318 803 2368 locutus
820 2325 867 2369 est
902 2319 938 2370 Et
954 2319 1009 2373 hoo
1025 2320 1087 2376 loco

10 2388 33 2417 '·'
56 2394 91 2443 nb
114 2409 246 2464 persona
269 2392 358 2460 Tityri
380 2388 526 2457 Virgilium
550 2388 684 2440 debemus
707 2385 877 2454 intelligere3
906 2402 963 2440 non
991 2397 1087 2446 tamen

10 2444 33 2513 ‚l
56 2463 160 2532 atina,
182 2462 237 2514 sea
259 2468 370 2512 tantiam
391 2459 442 2511 uui
466 2457 549 2526 exigit
572 2457 658 2518 rann
682 2454 743 2522 [suu
760 2454 896 2507 Messoa
912 2458 989 2525 pus,
1004 2459 1086 2514 tuan.

10 2516 34 2631 pi
57 2538 137 2599 uana,
160 2531 209 2583 vel
226 2524 373 2581 Cornelius
389 2525 504 2590 Gallus]
538 2525 619 2594 Quod
642 2537 736 2577 autern
760 2541 827 2576 eum
850 2527 901 2574 sub
920 2528 994 2595 fuga
1019 2531 1087 2582 dicit

57 2601 147 2668 iacere,
171 2599 312 2667 allegoria
335 2605 376 2650 est
397 2596 603 2661 honestissima3
626 2594 703 2662 quasi
728 2592 778 2643 suh
803 2595 904 2645 arbore
921 2595 1087 2665 glarrdilera,

10 2646 116 2734 ἕψε
132 2671 226 2721 victus
252 2683 336 2718 causa
357 2666 440 2734 [faitJ.
479 2667 563 2716 Antea
586 2664 661 2714 enim
687 2662 814 2713 homiues
831 2663 976 2729 glandibus
992 2681 1084 2718 sesae.
1142 2664 1144 2669 '

55 2735 149 2790 bantur.
187 2736 272 2788 Unde
300 2736 385 2787 etiam
399 2736 486 2802 'fagus
511 2733 584 2784 dicta
608 2739 650 2787 est
671 2723 726 2781 ἆπό
752 2727 802 2782 τοῦ
828 2733 939 2798 φαγεῖν,
964 2732 1001 2801 [i.
1019 2755 1043 2786 e.
1066 2753 1084 2790 a

54 2803 261 2869 manducando]
296 2805 331 2861 Et
347 2805 401 2855 hoc
418 2805 524 2855 videtur
548 2801 654 2852 dicere:
678 2802 753 2850 laces
776 2801 827 2849 sub
852 2802 951 2851 umbra
973 2802 1031 2870 fagi
1054 2804 1085 2856 in

55 2879 112 2941 agris
128 2878 196 2940 tuis,
213 2881 278 2923 tuas
290 2881 432 2925 retentans
453 2871 643 2938 possessiones,
661 2868 760 2936 quibus
777 2867 875 2919 aleris:
892 2871 962 2921 sicut
974 2876 1083 2938 (etiam)

53 2945 187 3010 glandibus
205 2942 374 3008 (alebantur)
392 2939 611 2991 arite'nrortales.
645 2937 747 3002 Alite,
772 2953 788 2986 o
807 2936 920 3005 virgili,
945 2940 996 2990 sub
1018 2956 1085 3008 pro-

53 3015 158 3066 iectione
176 3011 297 3078 Augusti
313 3025 425 3061 securus
443 3008 567 3077 quiescis.
591 3005 723 3070 Patulus,
741 3008 871 3072 patulum
889 3006 991 3059 dicitur
1008 3008 1084 3077 quod

51 3092 112 3148 patet
126 3080 309 3144 naturaliter,
326 3088 462 3141 utnares,
479 3076 579 3139 arbor,
596 3091 675 3135 crux,
692 3081 787 3143 patens
805 3091 869 3126 vero
886 3084 943 3141 est,
961 3074 1035 3144 qu'od
1052 3087 1082 3143 et

20 3202 26 3215 ,
52 3153 162 3220 aperitur
181 3158 211 3202 et
227 3147 374 3211 clauditur,
391 3154 422 3197 ut
439 3146 547 3207 ostium,
565 3144 645 3195 oculi.
664 3169 694 3180 -·
731 3153 757 3199 2.
776 3143 934 3193 silvestrem
954 3163 1082 3213 musum3

20 3226 27 3249 ¹
50 3218 92 3273 ie.
106 3219 248 3272 rusticum
263 3233 386 3268 carmen.
422 3216 514 3265 Tenui
528 3229 632 3276 craterus,¹
651 3211 754 3275 culmo,
769 3213 883 3279 stiprda:
901 3213 973 3265 uritis
985 3218 1082 3268 rustici

10 3254 28 3357 i
53 3287 229 3356 (plenamque)
244 3294 358 3336 cantare
373 3291 580 3336 consueverunt.
611 3280 684 3332 alibi
699 3281 740 3342 (E.
755 3289 779 3344 3,
793 3280 860 3341 27.):
878 3281 1014 3333 Striden'ti
1028 3289 1081 3336 mi.

21 3366 25 3419 ξ
52 3374 128 3407 serum
148 3357 262 3422 stipula
282 3355 439 3419 disperdere
458 3369 579 3403 carmen.
613 3349 736 3400 Dicendo
761 3358 855 3400 autem
879 3353 958 3400 tenui
981 3352 1082 3421 avenu',

10 3422 25 3479 ,ι’
52 3425 149 3479 humilis
172 3426 234 3476 atili
256 3439 344 3492 genus
376 3422 517 3485 (humilis)
546 3422 670 3471 latenter·
688 3418 816 3468 ostendit:
847 3435 901 3486 quo
926 3425 973 3486 (ut
997 3437 1097 3492 supra-

10 3488 17 3499 “
53 3494 141 3547 dietum
160 3497 215 3555 est)
243 3493 273 3543 in
291 3491 421 3542 bucolicis
440 3493 533 3541 aititur.
567 3489 733 3546 Meditaris‚·
761 3487 880 3552 [cantas,
904 3487 981 3555 quasi
1000 3493 1078 3542 meli.

54 3568 125 3631 uris,
142 3567 161 3615 d
181 3577 233 3632 pru
253 3564 263 3611 l
282 3559 401 3627 po'sita3]
420 3561 493 3626 quod
510 3558 613 3608 Graeci
629 3551 733 3622 palatui
749 3554 857 3618 dicunt,
874 3573 924 3624 per
942 3551 1079 3610 duriores..

54 3648 89 3692 zor
104 3637 225 3684 auditor
244 3630 373 3680 dixerunt
389 3629 493 3679 Latini:
518 3628 528 3676 l
545 3635 573 3677 et
590 3627 607 3674 d
626 3627 701 3676 enim
725 3622 866 3674 interdum
883 3625 935 3674 sibi
957 3626 1078 3681 invicem

11 3704 24 3727 ⁸
55 3704 151 3764 cedatnt3
177 3700 252 3750 unde
278 3707 307 3749 et
329 3699 399 3748 sellu
423 3713 475 3763 pro
500 3697 566 3745 seda
590 3695 689 3745 dicitur
713 3710 730 3743 a
748 3693 875 3743 sedendo.
893 3720 928 3730 -
963 3705 988 3752 3,
1005 3696 1079 3762 [Nos

21 3762 26 3811 ἶ
56 3774 146 3831 patrina
159 3771 242 3840 fines
261 3764 435 3831 linquimus,¹
460 3773 515 3815 non
534 3763 687 3826 voluntate,
711 3761 758 3815 sed
776 3761 799 3810 vi
819 3761 942 3813 Caesaris
961 3773 988 3815 et
1005 3768 1077 3816 mili·

56 3845 101 3889 tun
122 3841 181 3891 eius
205 3836 357 3904 corirpulsi,
380 3835 451 3884 victo
469 3832 595 3883 Antonio.
638 3832 672 3880 Et
698 3831 793 3880 dulcia
814 3833 900 3892 arva,-
926 3833 1074 3887 unicuinua

15 3930 22 3955 :
56 3910 151 3978 propria
168 3917 248 3960 terra
266 3904 351 3956 dulcis
368 3903 420 3954 sibi
439 3902 558 3969 uidetur,
582 3917 635 3952 uec
654 3901 729 3950 enirn
747 3899 836 3947 omnis
860 3915 904 3948 res
921 3896 1078 3951 delectatio·

57 3989 107 4026 uem
122 3977 228 4030 habens
246 3974 332 4024 dulcis
357 3972 518 4041 appellatur.
552 3969 705 4034 Allegorice
724 3983 790 4016 voce
809 3965 895 4016 utitur
912 3967 1077 4019 Mantuano·

55 4056 120 4112 ,rum‚
142 4047 191 4116 qui
208 4043 264 4095 suis
281 4038 496 4112 possessionibus
513 4035 737 4105 expellebantur]
756 4061 791 4070 —
831 4032 936 4091 tNos
953 4040 1076 4100 patriam

96 4169 145 4237 H.
281 4182 311 4227 a
855 4157 873 4206 ⁷
