<?xml version="1.0" encoding="UTF-8"?>
<!DOCTYPE html PUBLIC "-//W3C//DTD XHTML 1.0 Transitional//EN"
    "http://www.w3.org/TR/xhtml1/DTD/xhtml1-transitional.dtd">
<html xmlns="http://www.w3.org/1999/xhtml" xml:lang="en" lang="en">
 <head>
  <title>
</title>
<meta http-equiv="Content-Type" content="text/html;charset=utf-8" />
  <meta name='ocr-system' content='tesseract 3.04.00' />
  <meta name='ocr-capabilities' content='ocr_page ocr_carea ocr_par ocr_line ocrx_word'/>
</head>
<body>
  <div class='ocr_page' id='page_1' title='image "./commentariiinvi00honogoog_0195.png"; bbox 0 0 2430 4620; ppageno 0'>
   <div class='ocr_carea' id='block_1_1' title="bbox 151 286 929 385">
    <p class='ocr_par' dir='ltr' id='par_1_1' title="bbox 151 286 929 385">
     <span class='ocr_line' id='line_1_1' title="bbox 151 286 929 385; baseline -0.009 -12"><span class='ocrx_word' id='word_1_1' title='bbox 151 312 241 385; x_wconf 61' lang='lat' dir='ltr'><strong>rso,</strong></span> <span class='ocrx_word' id='word_1_2' title='bbox 359 286 365 304; x_wconf 86' lang='lat'><em>&#39;</em></span> <span class='ocrx_word' id='word_1_3' title='bbox 405 303 553 366; x_wconf 74' lang='lat' dir='ltr'><strong>sonui</strong></span> <span class='ocrx_word' id='word_1_4' title='bbox 573 304 929 367; x_wconf 79' lang='lat' dir='ltr'><strong>counourmros</strong></span> 
     </span>
    </p>
   </div>
   <div class='ocr_carea' id='block_1_2' title="bbox 84 487 1180 2831">
    <p class='ocr_par' dir='ltr' id='par_1_2' title="bbox 84 487 1180 2831">
     <span class='ocr_line' id='line_1_2' title="bbox 149 487 1180 560; baseline -0.003 -20"><span class='ocrx_word' id='word_1_5' title='bbox 149 490 208 558; x_wconf 81' lang='lat' dir='ltr'><strong>ipse</strong></span> <span class='ocrx_word' id='word_1_6' title='bbox 225 488 368 541; x_wconf 71' lang='lat' dir='ltr'><strong>desiderat.</strong></span> <span class='ocrx_word' id='word_1_7' title='bbox 403 489 438 540; x_wconf 83' lang='lat' dir='ltr'><strong>Et</strong></span> <span class='ocrx_word' id='word_1_8' title='bbox 454 489 507 540; x_wconf 84' lang='lat' dir='ltr'><strong>hoe</strong></span> <span class='ocrx_word' id='word_1_9' title='bbox 525 496 580 551; x_wconf 80' lang='lat' dir='ltr'><strong>eet,</strong></span> <span class='ocrx_word' id='word_1_10' title='bbox 604 487 677 555; x_wconf 88' lang='lat' dir='ltr'><strong>qnod</strong></span> <span class='ocrx_word' id='word_1_11' title='bbox 695 487 734 541; x_wconf 82' lang='lat' dir='ltr'><strong>eit</strong></span> <span class='ocrx_word' id='word_1_12' title='bbox 749 505 832 560; x_wconf 81' lang='lat' dir='ltr'><strong>supro</strong></span> <span class='ocrx_word' id='word_1_13' title='bbox 851 492 930 555; x_wconf 66' lang='grc'>(47.);</span> <span class='ocrx_word' id='word_1_14' title='bbox 959 491 1014 540; x_wconf 88' lang='lat' dir='ltr'><strong>Illa</strong></span> <span class='ocrx_word' id='word_1_15' title='bbox 1042 508 1121 559; x_wconf 74' lang='lat' dir='ltr'><strong>seges</strong></span> <span class='ocrx_word' id='word_1_16' title='bbox 1140 495 1180 542; x_wconf 68' lang='lat' dir='ltr'><strong>sle.</strong></span> 
     </span>
     <span class='ocr_line' id='line_1_3' title="bbox 151 559 1180 626; baseline 0.003 -18"><span class='ocrx_word' id='word_1_17' title='bbox 151 576 227 608; x_wconf 82' lang='lat' dir='ltr'><strong>inum</strong></span> <span class='ocrx_word' id='word_1_18' title='bbox 252 562 325 609; x_wconf 84' lang='lat' dir='ltr'><strong>votis</strong></span> <span class='ocrx_word' id='word_1_19' title='bbox 345 560 597 623; x_wconf 65' lang='lat' dir='ltr'><strong>responde-tenori</strong></span> <span class='ocrx_word' id='word_1_20' title='bbox 619 559 775 623; x_wconf 79' lang='lat' dir='ltr'><em>Agricolae.</em></span> <span class='ocrx_word' id='word_1_21' title='bbox 805 560 871 626; x_wconf 69' lang='lat' dir='ltr'><strong>[Alii</strong></span> <span class='ocrx_word' id='word_1_22' title='bbox 890 580 924 612; x_wconf 82' lang='lat' dir='ltr'><strong>ne</strong></span> <span class='ocrx_word' id='word_1_23' title='bbox 945 560 1059 611; x_wconf 77' lang='lat' dir='ltr'><strong>liberius</strong></span> <span class='ocrx_word' id='word_1_24' title='bbox 1085 567 1180 626; x_wconf 86' lang='lat' dir='ltr'><strong>lerant,</strong></span> 
     </span>
     <span class='ocr_line' id='line_1_4' title="bbox 150 626 1179 695; baseline 0.002 -19"><span class='ocrx_word' id='word_1_25' title='bbox 150 644 221 695; x_wconf 80' lang='lat' dir='ltr'><strong>quee</strong></span> <span class='ocrx_word' id='word_1_26' title='bbox 239 626 347 689; x_wconf 83' lang='lat' dir='ltr'><strong>volunt,</strong></span> <span class='ocrx_word' id='word_1_27' title='bbox 369 628 415 679; x_wconf 82' lang='lat' dir='ltr'><strong>sed</strong></span> <span class='ocrx_word' id='word_1_28' title='bbox 434 628 506 694; x_wconf 66' lang='lat' dir='ltr'><strong>&lt;pared</strong></span> <span class='ocrx_word' id='word_1_29' title='bbox 532 628 615 678; x_wconf 84' lang='lat' dir='ltr'><strong>inerit</strong></span> <span class='ocrx_word' id='word_1_30' title='bbox 632 637 736 688; x_wconf 69' lang='lat' dir='ltr'><strong>sntnrn,</strong></span> <span class='ocrx_word' id='word_1_31' title='bbox 760 627 890 691; x_wconf 75' lang='lat' dir='ltr'><strong>trudent]</strong></span> <span class='ocrx_word' id='word_1_32' title='bbox 919 655 939 664; x_wconf 57' lang='lat' dir='ltr'><em>u</em></span> <span class='ocrx_word' id='word_1_33' title='bbox 977 636 1036 684; x_wconf 70' lang='lat' dir='ltr'><strong>itt).</strong></span> <span class='ocrx_word' id='word_1_34' title='bbox 1055 628 1179 680; x_wconf 77' lang='lat' dir='ltr'><strong>limnida</strong></span> 
     </span>
     <span class='ocr_line' id='line_1_5' title="bbox 151 695 1179 764; baseline 0.002 -17"><span class='ocrx_word' id='word_1_35' title='bbox 151 697 283 758; x_wconf 83' lang='lat' dir='ltr'><strong>solstitio,</strong></span> <span class='ocrx_word' id='word_1_36' title='bbox 301 708 382 761; x_wconf 73' lang='lat' dir='ltr'><strong>litque</strong></span> <span class='ocrx_word' id='word_1_37' title='bbox 400 695 502 745; x_wconf 84' lang='lat' dir='ltr'><strong>hiemes</strong></span> <span class='ocrx_word' id='word_1_38' title='bbox 522 709 610 762; x_wconf 81' lang='lat' dir='ltr'><strong>optate</strong></span> <span class='ocrx_word' id='word_1_39' title='bbox 629 714 741 744; x_wconf 80' lang='lat' dir='ltr'><strong>serenes</strong></span> <span class='ocrx_word' id='word_1_40' title='bbox 754 698 917 761; x_wconf 76' lang='lat' dir='ltr'><strong>Agricolae,-</strong></span> <span class='ocrx_word' id='word_1_41' title='bbox 936 698 1018 764; x_wconf 71' lang='lat' dir='ltr'><strong>[liene</strong></span> <span class='ocrx_word' id='word_1_42' title='bbox 1035 699 1070 748; x_wconf 82' lang='lat' dir='ltr'><strong>ad</strong></span> <span class='ocrx_word' id='word_1_43' title='bbox 1090 708 1179 749; x_wconf 85' lang='lat' dir='ltr'><strong>votum</strong></span> 
     </span>
     <span class='ocr_line' id='line_1_6' title="bbox 149 764 1179 834; baseline 0.002 -19"><span class='ocrx_word' id='word_1_44' title='bbox 149 782 178 817; x_wconf 82' lang='lat' dir='ltr'><strong>se</strong></span> <span class='ocrx_word' id='word_1_45' title='bbox 191 764 336 825; x_wconf 77' lang='lat' dir='ltr'><strong>transtulit,</strong></span> <span class='ocrx_word' id='word_1_46' title='bbox 354 781 443 831; x_wconf 83' lang='lat' dir='ltr'><strong>mque</strong></span> <span class='ocrx_word' id='word_1_47' title='bbox 457 765 531 815; x_wconf 89' lang='lat' dir='ltr'><strong>euim</strong></span> <span class='ocrx_word' id='word_1_48' title='bbox 548 772 663 814; x_wconf 67' lang='lat' dir='ltr'><strong>rusticus</strong></span> <span class='ocrx_word' id='word_1_49' title='bbox 677 765 749 815; x_wconf 87' lang='lat' dir='ltr'><strong>aliud</strong></span> <span class='ocrx_word' id='word_1_50' title='bbox 765 775 853 833; x_wconf 86' lang='lat' dir='ltr'><strong>potest</strong></span> <span class='ocrx_word' id='word_1_51' title='bbox 868 766 912 815; x_wconf 76' lang='lat' dir='ltr'><strong>hie</strong></span> <span class='ocrx_word' id='word_1_52' title='bbox 927 770 1020 817; x_wconf 78' lang='lat' dir='ltr'><strong>tacere</strong></span> <span class='ocrx_word' id='word_1_53' title='bbox 1037 767 1091 817; x_wconf 84' lang='lat' dir='ltr'><strong>nisi</strong></span> <span class='ocrx_word' id='word_1_54' title='bbox 1105 778 1179 834; x_wconf 73' lang='lat' dir='ltr'><strong>optt-</strong></span> 
     </span>
     <span class='ocr_line' id='line_1_7' title="bbox 148 832 1177 896; baseline 0.005 -14"><span class='ocrx_word' id='word_1_55' title='bbox 148 849 194 885; x_wconf 73' lang='grc' dir='ltr'><strong>ηε</strong></span> <span class='ocrx_word' id='word_1_56' title='bbox 219 832 295 896; x_wconf 76' lang='lat' dir='ltr'><strong>narn]</strong></span> <span class='ocrx_word' id='word_1_57' title='bbox 313 834 366 881; x_wconf 90' lang='lat' dir='ltr'><strong>dno</strong></span> <span class='ocrx_word' id='word_1_58' title='bbox 383 841 446 887; x_wconf 84' lang='lat' dir='ltr'><strong>sunt</strong></span> <span class='ocrx_word' id='word_1_59' title='bbox 462 833 582 883; x_wconf 58' lang='lat' dir='ltr'><strong>solstitie.</strong></span> <span class='ocrx_word' id='word_1_60' title='bbox 620 833 712 883; x_wconf 72' lang='lat' dir='ltr'><strong>liruuu</strong></span> <span class='ocrx_word' id='word_1_61' title='bbox 729 836 790 896; x_wconf 83' lang='lat' dir='ltr'><strong>(est)</strong></span> <span class='ocrx_word' id='word_1_62' title='bbox 807 836 953 885; x_wconf 69' lang='lat' dir='ltr'><strong>destitum.</strong></span> <span class='ocrx_word' id='word_1_63' title='bbox 972 844 1067 885; x_wconf 75' lang='lat' dir='ltr'><strong>octavo</strong></span> <span class='ocrx_word' id='word_1_64' title='bbox 1087 837 1177 886; x_wconf 79' lang='lat' dir='ltr'><strong>halen-</strong></span> 
     </span>
     <span class='ocr_line' id='line_1_8' title="bbox 148 901 1178 969; baseline 0 -15"><span class='ocrx_word' id='word_1_65' title='bbox 148 902 249 954; x_wconf 76' lang='lat' dir='ltr'><strong>darut‘u</strong></span> <span class='ocrx_word' id='word_1_66' title='bbox 265 901 397 951; x_wconf 69' lang='lat' dir='ltr'><strong>luliarum</strong></span> <span class='ocrx_word' id='word_1_67' title='bbox 416 901 475 956; x_wconf 82' lang='lat' dir='ltr'><strong>die,</strong></span> <span class='ocrx_word' id='word_1_68' title='bbox 500 917 553 969; x_wconf 84' lang='lat' dir='ltr'><strong>qno</strong></span> <span class='ocrx_word' id='word_1_69' title='bbox 572 911 699 969; x_wconf 79' lang='lat' dir='ltr'><strong>tempore</strong></span> <span class='ocrx_word' id='word_1_70' title='bbox 717 917 843 969; x_wconf 60' lang='lat' dir='ltr'><strong>retinente</strong></span> <span class='ocrx_word' id='word_1_71' title='bbox 861 906 900 952; x_wconf 75' lang='lat' dir='ltr'><strong>sol</strong></span> <span class='ocrx_word' id='word_1_72' title='bbox 924 903 958 953; x_wconf 87' lang='lat' dir='ltr'><strong>ad</strong></span> <span class='ocrx_word' id='word_1_73' title='bbox 975 906 1123 956; x_wconf 73' lang='lat' dir='ltr'><strong>ini-riores</strong></span> <span class='ocrx_word' id='word_1_74' title='bbox 1141 905 1178 954; x_wconf 90' lang='lat' dir='ltr'><strong>in·</strong></span> 
     </span>
     <span class='ocr_line' id='line_1_9' title="bbox 106 969 1177 1041; baseline 0 -20"><span class='ocrx_word' id='word_1_75' title='bbox 106 976 125 991; x_wconf 79' lang='lat'><strong>‘⁸</strong></span> <span class='ocrx_word' id='word_1_76' title='bbox 149 971 216 1041; x_wconf 77' lang='lat' dir='ltr'><strong>cipit</strong></span> <span class='ocrx_word' id='word_1_77' title='bbox 231 969 355 1021; x_wconf 76' lang='lat' dir='ltr'><strong>circulos.</strong></span> <span class='ocrx_word' id='word_1_78' title='bbox 391 970 426 1020; x_wconf 70' lang='lat' dir='ltr'><strong>iit</strong></span> <span class='ocrx_word' id='word_1_79' title='bbox 442 971 514 1019; x_wconf 83' lang='lat' dir='ltr'><strong>eliud</strong></span> <span class='ocrx_word' id='word_1_80' title='bbox 534 970 663 1031; x_wconf 79' lang='lat' dir='ltr'><strong>hiemale,</strong></span> <span class='ocrx_word' id='word_1_81' title='bbox 680 977 775 1020; x_wconf 78' lang='lat' dir='ltr'><strong>octavo</strong></span> <span class='ocrx_word' id='word_1_82' title='bbox 794 971 901 1022; x_wconf 81' lang='lat' dir='ltr'><strong>kalend.</strong></span> <span class='ocrx_word' id='word_1_83' title='bbox 914 971 1109 1023; x_wconf 71' lang='lat' dir='ltr'><strong>Ianuariarum</strong></span> <span class='ocrx_word' id='word_1_84' title='bbox 1128 974 1177 1034; x_wconf 83' lang='lat' dir='ltr'><strong>die,</strong></span> 
     </span>
     <span class='ocr_line' id='line_1_10' title="bbox 147 1038 1178 1108; baseline -0.002 -17"><span class='ocrx_word' id='word_1_85' title='bbox 147 1055 202 1108; x_wconf 83' lang='lat' dir='ltr'><strong>quo</strong></span> <span class='ocrx_word' id='word_1_86' title='bbox 226 1048 351 1105; x_wconf 87' lang='lat' dir='ltr'><strong>tempore</strong></span> <span class='ocrx_word' id='word_1_87' title='bbox 369 1039 408 1089; x_wconf 85' lang='lat' dir='ltr'><strong>sol</strong></span> <span class='ocrx_word' id='word_1_88' title='bbox 425 1039 534 1089; x_wconf 81' lang='lat' dir='ltr'><strong>altiores</strong></span> <span class='ocrx_word' id='word_1_89' title='bbox 557 1040 593 1089; x_wconf 79' lang='lat' dir='ltr'><strong>iin</strong></span> <span class='ocrx_word' id='word_1_90' title='bbox 603 1040 654 1107; x_wconf 87' lang='lat' dir='ltr'><strong>ipit</strong></span> <span class='ocrx_word' id='word_1_91' title='bbox 671 1038 788 1087; x_wconf 84' lang='lat' dir='ltr'><strong>‹ireulos</strong></span> <span class='ocrx_word' id='word_1_92' title='bbox 811 1048 916 1107; x_wconf 83' lang='lat' dir='ltr'><strong>petere.</strong></span> <span class='ocrx_word' id='word_1_93' title='bbox 953 1041 1031 1092; x_wconf 87' lang='lat' dir='ltr'><strong>Unde</strong></span> <span class='ocrx_word' id='word_1_94' title='bbox 1054 1041 1178 1092; x_wconf 87' lang='lat' dir='ltr'><strong>hiemalis</strong></span> 
     </span>
     <span class='ocr_line' id='line_1_11' title="bbox 146 1107 1178 1171; baseline 0.002 -11"><span class='ocrx_word' id='word_1_95' title='bbox 146 1108 251 1160; x_wconf 82' lang='lat' dir='ltr'><strong>solstitii</strong></span> <span class='ocrx_word' id='word_1_96' title='bbox 274 1109 332 1157; x_wconf 69' lang='lat' dir='ltr'><strong>dies</strong></span> <span class='ocrx_word' id='word_1_97' title='bbox 356 1108 500 1171; x_wconf 84' lang='lat' dir='ltr'><strong>minimus,</strong></span> <span class='ocrx_word' id='word_1_98' title='bbox 522 1108 592 1157; x_wconf 81' lang='lat' dir='ltr'><strong>sient</strong></span> <span class='ocrx_word' id='word_1_99' title='bbox 615 1107 707 1158; x_wconf 64' lang='lat' dir='ltr'><strong>aestivi</strong></span> <span class='ocrx_word' id='word_1_100' title='bbox 732 1109 865 1165; x_wconf 65' lang='lat' dir='ltr'><strong>niarimus</strong></span> <span class='ocrx_word' id='word_1_101' title='bbox 888 1108 1033 1161; x_wconf 85' lang='lat' dir='ltr'><strong>invenitur.</strong></span> <span class='ocrx_word' id='word_1_102' title='bbox 1070 1112 1178 1162; x_wconf 77' lang='lat' dir='ltr'><strong>Videtur</strong></span> 
     </span>
     <span class='ocr_line' id='line_1_12' title="bbox 147 1176 1177 1247; baseline 0.001 -23"><span class='ocrx_word' id='word_1_103' title='bbox 147 1193 215 1245; x_wconf 74' lang='lat' dir='ltr'><strong>ergo</strong></span> <span class='ocrx_word' id='word_1_104' title='bbox 232 1179 404 1226; x_wconf 84' lang='lat' dir='ltr'><strong>eontrarium</strong></span> <span class='ocrx_word' id='word_1_105' title='bbox 423 1194 479 1227; x_wconf 79' lang='lat' dir='ltr'><strong>esse</strong></span> <span class='ocrx_word' id='word_1_106' title='bbox 511 1177 583 1242; x_wconf 88' lang='lat' dir='ltr'><strong>qnod</strong></span> <span class='ocrx_word' id='word_1_107' title='bbox 601 1176 681 1226; x_wconf 81' lang='lat' dir='ltr'><strong>dicit:</strong></span> <span class='ocrx_word' id='word_1_108' title='bbox 700 1176 800 1241; x_wconf 79' lang='lat' dir='ltr'><strong>(lptnte</strong></span> <span class='ocrx_word' id='word_1_109' title='bbox 817 1177 921 1247; x_wconf 79' lang='lat' dir='ltr'><strong>pluvios</strong></span> <span class='ocrx_word' id='word_1_110' title='bbox 938 1194 989 1247; x_wconf 85' lang='lat' dir='ltr'><strong>per</strong></span> <span class='ocrx_word' id='word_1_111' title='bbox 1006 1177 1136 1244; x_wconf 77' lang='lat' dir='ltr'><strong>solstitia,</strong></span> <span class='ocrx_word' id='word_1_112' title='bbox 1152 1184 1177 1227; x_wconf 91' lang='lat' dir='ltr'><strong>et</strong></span> 
     </span>
     <span class='ocr_line' id='line_1_13' title="bbox 84 1246 1178 1315; baseline -0.002 -16"><span class='ocrx_word' id='word_1_113' title='bbox 84 1300 88 1313; x_wconf 67' lang='grc'><em>,</em></span> <span class='ocrx_word' id='word_1_114' title='bbox 146 1262 198 1315; x_wconf 83' lang='lat' dir='ltr'><strong>per</strong></span> <span class='ocrx_word' id='word_1_115' title='bbox 214 1246 335 1297; x_wconf 84' lang='lat' dir='ltr'><strong>hiemem</strong></span> <span class='ocrx_word' id='word_1_116' title='bbox 354 1247 544 1296; x_wconf 67' lang='lat' dir='ltr'><strong>serenitatem:</strong></span> <span class='ocrx_word' id='word_1_117' title='bbox 567 1261 645 1308; x_wconf 81' lang='lat' dir='ltr'><strong>otuu,</strong></span> <span class='ocrx_word' id='word_1_118' title='bbox 670 1248 700 1292; x_wconf 90' lang='lat' dir='ltr'><strong>ut</strong></span> <span class='ocrx_word' id='word_1_119' title='bbox 716 1246 849 1308; x_wconf 79' lang='lat' dir='ltr'><strong>diximus,</strong></span> <span class='ocrx_word' id='word_1_120' title='bbox 872 1261 956 1296; x_wconf 90' lang='lat' dir='ltr'><strong>unum</strong></span> <span class='ocrx_word' id='word_1_121' title='bbox 981 1249 1116 1299; x_wconf 73' lang='lat' dir='ltr'><strong>aestivum</strong></span> <span class='ocrx_word' id='word_1_122' title='bbox 1138 1248 1178 1311; x_wconf 83' lang='lat' dir='ltr'><strong>sit,</strong></span> 
     </span>
     <span class='ocr_line' id='line_1_14' title="bbox 147 1312 1176 1378; baseline -0.002 -12"><span class='ocrx_word' id='word_1_123' title='bbox 147 1322 176 1367; x_wconf 84' lang='lat' dir='ltr'><strong>et</strong></span> <span class='ocrx_word' id='word_1_124' title='bbox 199 1312 273 1364; x_wconf 80' lang='lat' dir='ltr'><strong>aliud</strong></span> <span class='ocrx_word' id='word_1_125' title='bbox 296 1314 415 1364; x_wconf 84' lang='lat' dir='ltr'><strong>hiemale</strong></span> <span class='ocrx_word' id='word_1_126' title='bbox 445 1314 600 1363; x_wconf 85' lang='lat' dir='ltr'><strong>solstitium.</strong></span> <span class='ocrx_word' id='word_1_127' title='bbox 643 1312 696 1363; x_wconf 78' lang='lat' dir='ltr'><strong>Sed</strong></span> <span class='ocrx_word' id='word_1_128' title='bbox 727 1314 868 1364; x_wconf 81' lang='lat' dir='ltr'><strong>sciendum</strong></span> <span class='ocrx_word' id='word_1_129' title='bbox 893 1315 989 1378; x_wconf 87' lang='lat' dir='ltr'><strong>modo,</strong></span> <span class='ocrx_word' id='word_1_130' title='bbox 1020 1332 1127 1367; x_wconf 89' lang='lat' dir='ltr'><strong>aunum</strong></span> <span class='ocrx_word' id='word_1_131' title='bbox 1149 1315 1176 1365; x_wconf 89' lang='lat' dir='ltr'><strong>iu</strong></span> 
     </span>
     <span class='ocr_line' id='line_1_15' title="bbox 146 1379 1177 1453; baseline 0.001 -22"><span class='ocrx_word' id='word_1_132' title='bbox 146 1391 276 1451; x_wconf 85' lang='lat' dir='ltr'><strong>quattuor</strong></span> <span class='ocrx_word' id='word_1_133' title='bbox 298 1392 389 1448; x_wconf 76' lang='lat' dir='ltr'><strong>portes</strong></span> <span class='ocrx_word' id='word_1_134' title='bbox 414 1397 470 1433; x_wconf 85' lang='lat' dir='ltr'><strong>esse</strong></span> <span class='ocrx_word' id='word_1_135' title='bbox 495 1383 625 1432; x_wconf 83' lang='lat' dir='ltr'><strong>divisum:</strong></span> <span class='ocrx_word' id='word_1_136' title='bbox 649 1383 677 1431; x_wconf 91' lang='lat' dir='ltr'><strong>in</strong></span> <span class='ocrx_word' id='word_1_137' title='bbox 702 1379 756 1431; x_wconf 91' lang='lat' dir='ltr'><strong>duo</strong></span> <span class='ocrx_word' id='word_1_138' title='bbox 780 1383 908 1446; x_wconf 86' lang='lat' dir='ltr'><strong>solstitia,</strong></span> <span class='ocrx_word' id='word_1_139' title='bbox 932 1392 960 1433; x_wconf 85' lang='lat' dir='ltr'><strong>et</strong></span> <span class='ocrx_word' id='word_1_140' title='bbox 976 1384 1032 1433; x_wconf 91' lang='lat' dir='ltr'><strong>duo</strong></span> <span class='ocrx_word' id='word_1_141' title='bbox 1048 1387 1177 1453; x_wconf 75' lang='lat' dir='ltr'><strong>aequino-</strong></span> 
     </span>
     <span class='ocr_line' id='line_1_16' title="bbox 145 1450 1176 1522; baseline 0.001 -19"><span class='ocrx_word' id='word_1_142' title='bbox 145 1453 221 1503; x_wconf 69' lang='lat' dir='ltr'><strong>cties</strong></span> <span class='ocrx_word' id='word_1_143' title='bbox 239 1467 324 1503; x_wconf 89' lang='lat' dir='ltr'><strong>unmn</strong></span> <span class='ocrx_word' id='word_1_144' title='bbox 343 1450 466 1512; x_wconf 84' lang='lat' dir='ltr'><strong>vernale,</strong></span> <span class='ocrx_word' id='word_1_145' title='bbox 491 1459 518 1499; x_wconf 83' lang='lat' dir='ltr'><strong>et</strong></span> <span class='ocrx_word' id='word_1_146' title='bbox 535 1450 608 1501; x_wconf 69' lang='lat' dir='ltr'><strong>eliud</strong></span> <span class='ocrx_word' id='word_1_147' title='bbox 625 1451 814 1513; x_wconf 80' lang='lat' dir='ltr'><strong>aurtumnale,</strong></span> <span class='ocrx_word' id='word_1_148' title='bbox 831 1467 902 1518; x_wconf 81' lang='lat' dir='ltr'><strong>quae</strong></span> <span class='ocrx_word' id='word_1_149' title='bbox 920 1453 1021 1503; x_wconf 79' lang='lat' dir='ltr'><strong>tireeci</strong></span> <span class='ocrx_word' id='word_1_150' title='bbox 1039 1450 1176 1522; x_wconf 66' lang='lat' dir='ltr'><strong>lanpedius</strong></span> 
     </span>
     <span class='ocr_line' id='line_1_17' title="bbox 145 1517 1175 1593; baseline 0.002 -23"><span class='ocrx_word' id='word_1_151' title='bbox 145 1527 252 1593; x_wconf 64' lang='lat' dir='ltr'><strong>vocant.</strong></span> <span class='ocrx_word' id='word_1_152' title='bbox 285 1518 352 1569; x_wconf 87' lang='lat' dir='ltr'><strong>Sunt</strong></span> <span class='ocrx_word' id='word_1_153' title='bbox 369 1529 462 1570; x_wconf 82' lang='lat' dir='ltr'><strong>autem</strong></span> <span class='ocrx_word' id='word_1_154' title='bbox 481 1518 548 1568; x_wconf 86' lang='lat' dir='ltr'><strong>haee</strong></span> <span class='ocrx_word' id='word_1_155' title='bbox 566 1527 659 1570; x_wconf 78' lang='lat' dir='ltr'><strong>octavo</strong></span> <span class='ocrx_word' id='word_1_156' title='bbox 677 1517 860 1569; x_wconf 77' lang='lat' dir='ltr'><strong>kalendarum</strong></span> <span class='ocrx_word' id='word_1_157' title='bbox 879 1522 1021 1590; x_wconf 77' lang='lat' dir='ltr'><strong>Aprilium,</strong></span> <span class='ocrx_word' id='word_1_158' title='bbox 1038 1531 1066 1574; x_wconf 86' lang='lat' dir='ltr'><strong>et</strong></span> <span class='ocrx_word' id='word_1_159' title='bbox 1084 1531 1175 1574; x_wconf 82' lang='lat' dir='ltr'><strong>oetaro</strong></span> 
     </span>
     <span class='ocr_line' id='line_1_18' title="bbox 144 1586 1177 1654; baseline -0.001 -12"><span class='ocrx_word' id='word_1_160' title='bbox 144 1589 327 1642; x_wconf 70' lang='lat' dir='ltr'><strong>kelendnrum</strong></span> <span class='ocrx_word' id='word_1_161' title='bbox 352 1586 516 1638; x_wconf 73' lang='lat' dir='ltr'><strong>(litobrium</strong></span> <span class='ocrx_word' id='word_1_162' title='bbox 540 1588 599 1650; x_wconf 93' lang='lat' dir='ltr'><strong>die,</strong></span> <span class='ocrx_word' id='word_1_163' title='bbox 631 1589 694 1654; x_wconf 85' lang='lat' dir='ltr'><strong>quin</strong></span> <span class='ocrx_word' id='word_1_164' title='bbox 719 1604 806 1638; x_wconf 84' lang='lat' dir='ltr'><strong>annus</strong></span> <span class='ocrx_word' id='word_1_165' title='bbox 828 1588 895 1638; x_wconf 91' lang='lat' dir='ltr'><strong>olim</strong></span> <span class='ocrx_word' id='word_1_166' title='bbox 920 1591 947 1640; x_wconf 89' lang='lat' dir='ltr'><strong>in</strong></span> <span class='ocrx_word' id='word_1_167' title='bbox 973 1590 1040 1642; x_wconf 79' lang='lat' dir='ltr'><strong>ditas</strong></span> <span class='ocrx_word' id='word_1_168' title='bbox 1069 1600 1177 1643; x_wconf 85' lang='lat' dir='ltr'><strong>tantum</strong></span> 
     </span>
     <span class='ocr_line' id='line_1_19' title="bbox 144 1653 1176 1730; baseline 0.001 -21"><span class='ocrx_word' id='word_1_169' title='bbox 144 1667 237 1730; x_wconf 76' lang='lat' dir='ltr'><strong>partes</strong></span> <span class='ocrx_word' id='word_1_170' title='bbox 253 1657 437 1717; x_wconf 83' lang='lat' dir='ltr'><strong>dividebatur,</strong></span> <span class='ocrx_word' id='word_1_171' title='bbox 455 1655 508 1705; x_wconf 87' lang='lat' dir='ltr'><strong>hoc</strong></span> <span class='ocrx_word' id='word_1_172' title='bbox 526 1664 565 1706; x_wconf 86' lang='lat' dir='ltr'><strong>est</strong></span> <span class='ocrx_word' id='word_1_173' title='bbox 582 1658 610 1707; x_wconf 91' lang='lat' dir='ltr'><strong>in</strong></span> <span class='ocrx_word' id='word_1_174' title='bbox 629 1655 776 1719; x_wconf 75' lang='lat' dir='ltr'><strong>aestivum,</strong></span> <span class='ocrx_word' id='word_1_175' title='bbox 794 1665 822 1708; x_wconf 89' lang='lat' dir='ltr'><strong>et</strong></span> <span class='ocrx_word' id='word_1_176' title='bbox 839 1658 868 1707; x_wconf 90' lang='lat' dir='ltr'><strong>in</strong></span> <span class='ocrx_word' id='word_1_177' title='bbox 886 1659 1006 1713; x_wconf 73' lang='lat' dir='ltr'><strong>triennale</strong></span> <span class='ocrx_word' id='word_1_178' title='bbox 1023 1653 1176 1724; x_wconf 79' lang='lat' dir='ltr'><strong>solstitium,</strong></span> 
     </span>
     <span class='ocr_line' id='line_1_20' title="bbox 145 1724 1175 1798; baseline 0.003 -21"><span class='ocrx_word' id='word_1_179' title='bbox 145 1735 174 1781; x_wconf 79' lang='lat' dir='ltr'><strong>et</strong></span> <span class='ocrx_word' id='word_1_180' title='bbox 197 1729 226 1777; x_wconf 90' lang='lat' dir='ltr'><strong>in</strong></span> <span class='ocrx_word' id='word_1_181' title='bbox 244 1726 298 1776; x_wconf 88' lang='lat' dir='ltr'><strong>duo</strong></span> <span class='ocrx_word' id='word_1_182' title='bbox 324 1725 543 1794; x_wconf 80' lang='lat' dir='ltr'><strong>hemisphaeria,</strong></span> <span class='ocrx_word' id='word_1_183' title='bbox 572 1734 601 1774; x_wconf 86' lang='lat' dir='ltr'><strong>ut</strong></span> <span class='ocrx_word' id='word_1_184' title='bbox 624 1724 821 1789; x_wconf 73' lang='lat' dir='ltr'><strong>intelligamus,</strong></span> <span class='ocrx_word' id='word_1_185' title='bbox 844 1729 936 1777; x_wconf 85' lang='lat' dir='ltr'><strong>omnia</strong></span> <span class='ocrx_word' id='word_1_186' title='bbox 960 1744 1024 1777; x_wconf 84' lang='lat' dir='ltr'><strong>enm</strong></span> <span class='ocrx_word' id='word_1_187' title='bbox 1047 1736 1175 1798; x_wconf 87' lang='lat' dir='ltr'><strong>tempora</strong></span> 
     </span>
     <span class='ocr_line' id='line_1_21' title="bbox 143 1792 1176 1863; baseline 0.002 -19"><span class='ocrx_word' id='word_1_188' title='bbox 143 1797 258 1848; x_wconf 83' lang='lat' dir='ltr'><strong>voluisse</strong></span> <span class='ocrx_word' id='word_1_189' title='bbox 272 1794 424 1863; x_wconf 75' lang='lat' dir='ltr'><strong>corripierti.</strong></span> <span class='ocrx_word' id='word_1_190' title='bbox 458 1794 528 1844; x_wconf 76' lang='lat' dir='ltr'><strong>Num</strong></span> <span class='ocrx_word' id='word_1_191' title='bbox 544 1793 596 1845; x_wconf 82' lang='lat' dir='ltr'><strong>hoc</strong></span> <span class='ocrx_word' id='word_1_192' title='bbox 613 1792 691 1843; x_wconf 90' lang='lat' dir='ltr'><strong>dicit:</strong></span> <span class='ocrx_word' id='word_1_193' title='bbox 710 1793 870 1861; x_wconf 79' lang='lat' dir='ltr'><strong>(lptondum</strong></span> <span class='ocrx_word' id='word_1_194' title='bbox 890 1796 1012 1860; x_wconf 75' lang='lat' dir='ltr'><strong>rusticis,</strong></span> <span class='ocrx_word' id='word_1_195' title='bbox 1032 1804 1062 1846; x_wconf 89' lang='lat' dir='ltr'><strong>ut</strong></span> <span class='ocrx_word' id='word_1_196' title='bbox 1082 1792 1176 1848; x_wconf 66' lang='lat' dir='ltr'><strong>ductu-</strong></span> 
     </span>
     <span class='ocr_line' id='line_1_22' title="bbox 145 1861 1175 1933; baseline -0.002 -17"><span class='ocrx_word' id='word_1_197' title='bbox 145 1862 231 1916; x_wconf 84' lang='lat' dir='ltr'><strong>mnoli</strong></span> <span class='ocrx_word' id='word_1_198' title='bbox 244 1872 271 1917; x_wconf 82' lang='lat' dir='ltr'><strong>et</strong></span> <span class='ocrx_word' id='word_1_199' title='bbox 283 1861 394 1915; x_wconf 73' lang='lat' dir='ltr'><strong>hiemali</strong></span> <span class='ocrx_word' id='word_1_200' title='bbox 409 1870 535 1928; x_wconf 74' lang='lat' dir='ltr'><strong>tempore</strong></span> <span class='ocrx_word' id='word_1_201' title='bbox 551 1864 585 1912; x_wconf 84' lang='lat' dir='ltr'><strong>sit</strong></span> <span class='ocrx_word' id='word_1_202' title='bbox 596 1861 736 1924; x_wconf 74' lang='lat' dir='ltr'><strong>serenitas,</strong></span> <span class='ocrx_word' id='word_1_203' title='bbox 754 1880 824 1930; x_wconf 86' lang='lat' dir='ltr'><strong>quae</strong></span> <span class='ocrx_word' id='word_1_204' title='bbox 837 1864 890 1913; x_wconf 77' lang='lat' dir='ltr'><strong>duo</strong></span> <span class='ocrx_word' id='word_1_205' title='bbox 905 1871 1032 1933; x_wconf 77' lang='lat' dir='ltr'><strong>tempora</strong></span> <span class='ocrx_word' id='word_1_206' title='bbox 1049 1882 1102 1932; x_wconf 85' lang='lat' dir='ltr'><strong>pro</strong></span> <span class='ocrx_word' id='word_1_207' title='bbox 1120 1881 1175 1916; x_wconf 90' lang='lat' dir='ltr'><strong>uno</strong></span> 
     </span>
     <span class='ocr_line' id='line_1_23' title="bbox 143 1930 1176 2001; baseline -0.003 -14"><span class='ocrx_word' id='word_1_208' title='bbox 143 1934 318 1988; x_wconf 78' lang='lat' dir='ltr'><strong>habebantur</strong></span> <span class='ocrx_word' id='word_1_209' title='bbox 342 1931 491 1982; x_wconf 76' lang='lat' dir='ltr'><strong>secuudum</strong></span> <span class='ocrx_word' id='word_1_210' title='bbox 509 1930 654 2001; x_wconf 72' lang='lat' dir='ltr'><strong>hemicycli</strong></span> <span class='ocrx_word' id='word_1_211' title='bbox 676 1932 829 1997; x_wconf 85' lang='lat' dir='ltr'><strong>rationem,</strong></span> <span class='ocrx_word' id='word_1_212' title='bbox 853 1941 884 1980; x_wconf 92' lang='lat' dir='ltr'><strong>ut</strong></span> <span class='ocrx_word' id='word_1_213' title='bbox 906 1932 1030 1984; x_wconf 82' lang='lat' dir='ltr'><strong>diximus.</strong></span> <span class='ocrx_word' id='word_1_214' title='bbox 1067 1935 1176 1986; x_wconf 80' lang='lat' dir='ltr'><strong>Verneli</strong></span> 
     </span>
     <span class='ocr_line' id='line_1_24' title="bbox 144 1996 1176 2070; baseline -0.001 -16"><span class='ocrx_word' id='word_1_215' title='bbox 144 1996 223 2068; x_wconf 77' lang='lat' dir='ltr'><strong>reio,</strong></span> <span class='ocrx_word' id='word_1_216' title='bbox 248 2010 276 2054; x_wconf 83' lang='lat' dir='ltr'><strong>et</strong></span> <span class='ocrx_word' id='word_1_217' title='bbox 292 2001 392 2052; x_wconf 86' lang='lat' dir='ltr'><strong>aestivo</strong></span> <span class='ocrx_word' id='word_1_218' title='bbox 415 2000 541 2070; x_wconf 80' lang='lat' dir='ltr'><strong>temphre</strong></span> <span class='ocrx_word' id='word_1_219' title='bbox 566 2009 595 2049; x_wconf 89' lang='lat' dir='ltr'><strong>ut</strong></span> <span class='ocrx_word' id='word_1_220' title='bbox 611 2001 664 2050; x_wconf 85' lang='lat' dir='ltr'><strong>sint</strong></span> <span class='ocrx_word' id='word_1_221' title='bbox 683 1999 802 2068; x_wconf 79' lang='lat' dir='ltr'><strong>pluviae:</strong></span> <span class='ocrx_word' id='word_1_222' title='bbox 826 2017 897 2067; x_wconf 81' lang='lat' dir='ltr'><strong>qnae</strong></span> <span class='ocrx_word' id='word_1_223' title='bbox 915 2001 1016 2070; x_wconf 86' lang='lat' dir='ltr'><strong>etipsa</strong></span> <span class='ocrx_word' id='word_1_224' title='bbox 1033 2001 1089 2053; x_wconf 90' lang='lat' dir='ltr'><strong>duo</strong></span> <span class='ocrx_word' id='word_1_225' title='bbox 1106 2011 1176 2054; x_wconf 89' lang='lat' dir='ltr'><strong>tem·</strong></span> 
     </span>
     <span class='ocr_line' id='line_1_25' title="bbox 163 2068 1176 2141; baseline 0 -19"><span class='ocrx_word' id='word_1_226' title='bbox 163 2088 211 2123; x_wconf 82' lang='lat' dir='ltr'><strong>oro</strong></span> <span class='ocrx_word' id='word_1_227' title='bbox 235 2086 286 2141; x_wconf 88' lang='lat' dir='ltr'><strong>pro</strong></span> <span class='ocrx_word' id='word_1_228' title='bbox 311 2085 365 2120; x_wconf 89' lang='lat' dir='ltr'><strong>nno</strong></span> <span class='ocrx_word' id='word_1_229' title='bbox 383 2077 470 2120; x_wconf 84' lang='lat' dir='ltr'><strong>erant.</strong></span> <span class='ocrx_word' id='word_1_230' title='bbox 505 2068 612 2119; x_wconf 83' lang='lat' dir='ltr'><strong>&#39;sauren</strong></span> <span class='ocrx_word' id='word_1_231' title='bbox 638 2068 659 2117; x_wconf 88' lang='lat' dir='ltr'><strong>si</strong></span> <span class='ocrx_word' id='word_1_232' title='bbox 684 2068 831 2135; x_wconf 77' lang='lat' dir='ltr'><strong>diligenter</strong></span> <span class='ocrx_word' id='word_1_233' title='bbox 855 2070 1041 2134; x_wconf 69' lang='lat' dir='ltr'><strong>attendemus,</strong></span> <span class='ocrx_word' id='word_1_234' title='bbox 1067 2072 1176 2140; x_wconf 73' lang='lat' dir='ltr'><strong>poetica</strong></span> 
     </span>
     <span class='ocr_line' id='line_1_26' title="bbox 141 2091 1176 2208; baseline -0.006 -14"><span class='ocrx_word' id='word_1_235' title='bbox 141 2091 252 2194; x_wconf 59' lang='lat' dir='ltr'><strong>decutio</strong></span> <span class='ocrx_word' id='word_1_236' title='bbox 270 2147 309 2191; x_wconf 84' lang='lat' dir='ltr'><strong>est</strong></span> <span class='ocrx_word' id='word_1_237' title='bbox 334 2155 407 2200; x_wconf 86' lang='lat' dir='ltr'><strong>usus,</strong></span> <span class='ocrx_word' id='word_1_238' title='bbox 431 2145 462 2186; x_wconf 91' lang='lat' dir='ltr'><strong>ut</strong></span> <span class='ocrx_word' id='word_1_239' title='bbox 485 2138 618 2203; x_wconf 80' lang='lat' dir='ltr'><strong>pluralem</strong></span> <span class='ocrx_word' id='word_1_240' title='bbox 643 2152 793 2188; x_wconf 85' lang='lat' dir='ltr'><strong>numerum</strong></span> <span class='ocrx_word' id='word_1_241' title='bbox 814 2154 866 2206; x_wconf 85' lang='lat' dir='ltr'><strong>pro</strong></span> <span class='ocrx_word' id='word_1_242' title='bbox 889 2138 1022 2205; x_wconf 81' lang='lat' dir='ltr'><strong>singulari</strong></span> <span class='ocrx_word' id='word_1_243' title='bbox 1045 2148 1176 2208; x_wconf 74' lang='lat' dir='ltr'><strong>poneret3</strong></span> 
     </span>
     <span class='ocr_line' id='line_1_27' title="bbox 141 2204 1177 2277; baseline -0.004 -15"><span class='ocrx_word' id='word_1_244' title='bbox 141 2221 208 2263; x_wconf 86' lang='lat' dir='ltr'><strong>nam</strong></span> <span class='ocrx_word' id='word_1_245' title='bbox 226 2204 349 2260; x_wconf 80' lang='lat' dir='ltr'><strong>solstitie</strong></span> <span class='ocrx_word' id='word_1_246' title='bbox 375 2220 425 2273; x_wconf 85' lang='lat' dir='ltr'><strong>pre</strong></span> <span class='ocrx_word' id='word_1_247' title='bbox 450 2207 577 2271; x_wconf 76' lang='lat' dir='ltr'><strong>sol-titio,</strong></span> <span class='ocrx_word' id='word_1_248' title='bbox 603 2214 632 2258; x_wconf 85' lang='lat' dir='ltr'><strong>et</strong></span> <span class='ocrx_word' id='word_1_249' title='bbox 653 2205 759 2256; x_wconf 75' lang='lat' dir='ltr'><strong>hiemes</strong></span> <span class='ocrx_word' id='word_1_250' title='bbox 775 2221 829 2275; x_wconf 85' lang='lat' dir='ltr'><strong>pro</strong></span> <span class='ocrx_word' id='word_1_251' title='bbox 853 2205 945 2258; x_wconf 77' lang='lat' dir='ltr'><strong>hieme</strong></span> <span class='ocrx_word' id='word_1_252' title='bbox 970 2209 1068 2277; x_wconf 79' lang='lat' dir='ltr'><strong>posuit.</strong></span> <span class='ocrx_word' id='word_1_253' title='bbox 1101 2207 1177 2258; x_wconf 85' lang='lat' dir='ltr'><strong>Dicit</strong></span> 
     </span>
     <span class='ocr_line' id='line_1_28' title="bbox 141 2275 1177 2344; baseline -0.004 -14"><span class='ocrx_word' id='word_1_254' title='bbox 141 2286 255 2331; x_wconf 86' lang='lat' dir='ltr'><strong>autem:</strong></span> <span class='ocrx_word' id='word_1_255' title='bbox 272 2276 400 2344; x_wconf 77' lang='lat' dir='ltr'><strong>Optanda</strong></span> <span class='ocrx_word' id='word_1_256' title='bbox 424 2275 508 2335; x_wconf 81' lang='lat' dir='ltr'><strong>haec,</strong></span> <span class='ocrx_word' id='word_1_257' title='bbox 532 2292 602 2344; x_wconf 78' lang='lat' dir='ltr'><strong>quae</strong></span> <span class='ocrx_word' id='word_1_258' title='bbox 626 2292 675 2341; x_wconf 88' lang='lat' dir='ltr'><strong>per</strong></span> <span class='ocrx_word' id='word_1_259' title='bbox 691 2283 820 2326; x_wconf 80' lang='lat' dir='ltr'><strong>naturam</strong></span> <span class='ocrx_word' id='word_1_260' title='bbox 839 2291 894 2325; x_wconf 90' lang='lat' dir='ltr'><strong>mm</strong></span> <span class='ocrx_word' id='word_1_261' title='bbox 913 2285 991 2340; x_wconf 86' lang='lat' dir='ltr'><strong>sunt,</strong></span> <span class='ocrx_word' id='word_1_262' title='bbox 1040 2292 1068 2326; x_wconf 81' lang='lat' dir='ltr'><strong>io</strong></span> <span class='ocrx_word' id='word_1_263' title='bbox 1093 2278 1177 2343; x_wconf 86' lang='lat' dir='ltr'><strong>possit</strong></span> 
     </span>
     <span class='ocr_line' id='line_1_29' title="bbox 141 2343 1175 2415; baseline -0.001 -17"><span class='ocrx_word' id='word_1_264' title='bbox 141 2348 282 2415; x_wconf 78' lang='lat' dir='ltr'><strong>utriusque</strong></span> <span class='ocrx_word' id='word_1_265' title='bbox 300 2343 431 2412; x_wconf 88' lang='lat' dir='ltr'><strong>temporis</strong></span> <span class='ocrx_word' id='word_1_266' title='bbox 449 2345 579 2409; x_wconf 69' lang='lat' dir='ltr'><strong>asperitas</strong></span> <span class='ocrx_word' id='word_1_267' title='bbox 597 2344 735 2412; x_wconf 73' lang='lat' dir='ltr'><strong>mitigari:</strong></span> <span class='ocrx_word' id='word_1_268' title='bbox 752 2352 780 2394; x_wconf 82' lang='lat' dir='ltr'><strong>et</strong></span> <span class='ocrx_word' id='word_1_269' title='bbox 797 2345 907 2394; x_wconf 77' lang='lat' dir='ltr'><strong>aestatis</strong></span> <span class='ocrx_word' id='word_1_270' title='bbox 924 2343 998 2394; x_wconf 79' lang='lat' dir='ltr'><strong>calor</strong></span> <span class='ocrx_word' id='word_1_271' title='bbox 1015 2345 1127 2415; x_wconf 87' lang='lat' dir='ltr'><strong>pluviis:</strong></span> <span class='ocrx_word' id='word_1_272' title='bbox 1146 2354 1175 2397; x_wconf 88' lang='lat' dir='ltr'><strong>et</strong></span> 
     </span>
     <span class='ocr_line' id='line_1_30' title="bbox 140 2411 1172 2485; baseline -0.002 -19"><span class='ocrx_word' id='word_1_273' title='bbox 140 2415 227 2480; x_wconf 71' lang='lat' dir='ltr'><strong>frigus</strong></span> <span class='ocrx_word' id='word_1_274' title='bbox 245 2413 344 2465; x_wconf 83' lang='lat' dir='ltr'><strong>hiemis</strong></span> <span class='ocrx_word' id='word_1_275' title='bbox 361 2413 514 2463; x_wconf 83' lang='lat' dir='ltr'><strong>serenitatis</strong></span> <span class='ocrx_word' id='word_1_276' title='bbox 531 2420 634 2480; x_wconf 77' lang='lat' dir='ltr'><strong>tepore.</strong></span> <span class='ocrx_word' id='word_1_277' title='bbox 670 2413 750 2479; x_wconf 82' lang='lat' dir='ltr'><strong>[Seue</strong></span> <span class='ocrx_word' id='word_1_278' title='bbox 773 2413 886 2480; x_wconf 86' lang='lat' dir='ltr'><strong>quidam</strong></span> <span class='ocrx_word' id='word_1_279' title='bbox 905 2411 1021 2485; x_wconf 71' lang='lat' dir='ltr'><strong>humido</strong></span> <span class='ocrx_word' id='word_1_280' title='bbox 1047 2415 1172 2464; x_wconf 84' lang='lat' dir='ltr'><strong>solstitio</strong></span> 
     </span>
     <span class='ocr_line' id='line_1_31' title="bbox 141 2481 1174 2551; baseline 0 -18"><span class='ocrx_word' id='word_1_281' title='bbox 141 2496 224 2550; x_wconf 73' lang='lat' dir='ltr'><strong>atque</strong></span> <span class='ocrx_word' id='word_1_282' title='bbox 242 2482 345 2532; x_wconf 81' lang='lat' dir='ltr'><strong>hiemes</strong></span> <span class='ocrx_word' id='word_1_283' title='bbox 372 2493 447 2537; x_wconf 67' lang='lat' dir='ltr'><strong>orate</strong></span> <span class='ocrx_word' id='word_1_284' title='bbox 472 2498 600 2547; x_wconf 79' lang='lat' dir='ltr'><strong>serenos,</strong></span> <span class='ocrx_word' id='word_1_285' title='bbox 624 2499 674 2551; x_wconf 91' lang='lat' dir='ltr'><strong>pro</strong></span> <span class='ocrx_word' id='word_1_286' title='bbox 698 2482 810 2533; x_wconf 83' lang='lat' dir='ltr'><strong>hiemali</strong></span> <span class='ocrx_word' id='word_1_287' title='bbox 833 2490 941 2532; x_wconf 86' lang='lat' dir='ltr'><strong>tantum</strong></span> <span class='ocrx_word' id='word_1_288' title='bbox 966 2481 1080 2533; x_wconf 87' lang='lat' dir='ltr'><strong>solstitio</strong></span> <span class='ocrx_word' id='word_1_289' title='bbox 1103 2485 1174 2534; x_wconf 85' lang='lat' dir='ltr'><strong>acci·</strong></span> 
     </span>
     <span class='ocr_line' id='line_1_32' title="bbox 139 2546 1172 2624; baseline 0.001 -22"><span class='ocrx_word' id='word_1_290' title='bbox 139 2553 233 2624; x_wconf 70' lang='lat' dir='ltr'><strong>piant,</strong></span> <span class='ocrx_word' id='word_1_291' title='bbox 250 2546 303 2603; x_wconf 85' lang='lat' dir='ltr'><strong>lioc</strong></span> <span class='ocrx_word' id='word_1_292' title='bbox 322 2558 360 2602; x_wconf 89' lang='lat' dir='ltr'><strong>est</strong></span> <span class='ocrx_word' id='word_1_293' title='bbox 379 2567 410 2600; x_wconf 89' lang='lat' dir='ltr'><strong>ea</strong></span> <span class='ocrx_word' id='word_1_294' title='bbox 428 2549 552 2615; x_wconf 81' lang='lat' dir='ltr'><strong>solstitia,</strong></span> <span class='ocrx_word' id='word_1_295' title='bbox 570 2566 640 2616; x_wconf 85' lang='lat' dir='ltr'><strong>quae</strong></span> <span class='ocrx_word' id='word_1_296' title='bbox 657 2551 769 2601; x_wconf 81' lang='lat' dir='ltr'><strong>humide</strong></span> <span class='ocrx_word' id='word_1_297' title='bbox 788 2550 896 2601; x_wconf 81' lang='lat' dir='ltr'><strong>hiberni</strong></span> <span class='ocrx_word' id='word_1_298' title='bbox 915 2552 1045 2621; x_wconf 86' lang='lat' dir='ltr'><strong>temporis</strong></span> <span class='ocrx_word' id='word_1_299' title='bbox 1063 2553 1172 2604; x_wconf 81' lang='lat' dir='ltr'><strong>ratione</strong></span> 
     </span>
     <span class='ocr_line' id='line_1_33' title="bbox 140 2616 1174 2686; baseline -0.004 -13"><span class='ocrx_word' id='word_1_300' title='bbox 140 2638 198 2673; x_wconf 88' lang='lat' dir='ltr'><strong>esse</strong></span> <span class='ocrx_word' id='word_1_301' title='bbox 217 2637 327 2672; x_wconf 83' lang='lat' dir='ltr'><strong>necesse</strong></span> <span class='ocrx_word' id='word_1_302' title='bbox 344 2627 396 2670; x_wconf 80' lang='lat' dir='ltr'><strong>est:</strong></span> <span class='ocrx_word' id='word_1_303' title='bbox 421 2634 486 2668; x_wconf 85' lang='lat' dir='ltr'><strong>nom</strong></span> <span class='ocrx_word' id='word_1_304' title='bbox 505 2616 613 2669; x_wconf 73' lang='lat' dir='ltr'><strong>aestatis</strong></span> <span class='ocrx_word' id='word_1_305' title='bbox 631 2620 746 2670; x_wconf 81' lang='lat' dir='ltr'><strong>solstitia</strong></span> <span class='ocrx_word' id='word_1_306' title='bbox 770 2619 884 2670; x_wconf 78' lang='lat' dir='ltr'><strong>humide</strong></span> <span class='ocrx_word' id='word_1_307' title='bbox 902 2635 958 2669; x_wconf 84' lang='lat' dir='ltr'><strong>esse</strong></span> <span class='ocrx_word' id='word_1_308' title='bbox 977 2628 1174 2686; x_wconf 66' lang='lat' dir='ltr'><strong>nonpossint,</strong></span> 
     </span>
     <span class='ocr_line' id='line_1_34' title="bbox 139 2686 1172 2755; baseline -0.002 -15"><span class='ocrx_word' id='word_1_309' title='bbox 139 2697 171 2740; x_wconf 91' lang='lat' dir='ltr'><strong>ut</strong></span> <span class='ocrx_word' id='word_1_310' title='bbox 187 2688 237 2740; x_wconf 85' lang='lat' dir='ltr'><strong>sub</strong></span> <span class='ocrx_word' id='word_1_311' title='bbox 256 2705 307 2739; x_wconf 79' lang='lat' dir='ltr'><strong>una</strong></span> <span class='ocrx_word' id='word_1_312' title='bbox 326 2686 524 2755; x_wconf 70' lang='lat' dir='ltr'><strong>significatione</strong></span> <span class='ocrx_word' id='word_1_313' title='bbox 543 2688 646 2737; x_wconf 87' lang='lat' dir='ltr'><strong>dictum</strong></span> <span class='ocrx_word' id='word_1_314' title='bbox 670 2687 705 2737; x_wconf 89' lang='lat' dir='ltr'><strong>sit</strong></span> <span class='ocrx_word' id='word_1_315' title='bbox 728 2688 844 2737; x_wconf 77' lang='lat' dir='ltr'><strong>huinida</strong></span> <span class='ocrx_word' id='word_1_316' title='bbox 872 2689 994 2738; x_wconf 85' lang='lat' dir='ltr'><strong>solstitio</strong></span> <span class='ocrx_word' id='word_1_317' title='bbox 1014 2700 1098 2754; x_wconf 82' lang='lat' dir='ltr'><strong>atque</strong></span> <span class='ocrx_word' id='word_1_318' title='bbox 1116 2689 1172 2738; x_wconf 84' lang='lat' dir='ltr'><strong>hie-</strong></span> 
     </span>
     <span class='ocr_line' id='line_1_35' title="bbox 141 2752 1175 2831; baseline 0.002 -24"><span class='ocrx_word' id='word_1_319' title='bbox 141 2775 211 2821; x_wconf 85' lang='lat' dir='ltr'><strong>mes,</strong></span> <span class='ocrx_word' id='word_1_320' title='bbox 236 2757 309 2831; x_wconf 81' lang='lat' dir='ltr'><strong>quod</strong></span> <span class='ocrx_word' id='word_1_321' title='bbox 334 2757 480 2808; x_wconf 87' lang='lat' dir='ltr'><strong>ostendunt</strong></span> <span class='ocrx_word' id='word_1_322' title='bbox 502 2752 710 2822; x_wconf 76' lang='lat' dir='ltr'><strong>subsequentia,</strong></span> <span class='ocrx_word' id='word_1_323' title='bbox 741 2757 858 2807; x_wconf 88' lang='lat' dir='ltr'><strong>hiberno</strong></span> <span class='ocrx_word' id='word_1_324' title='bbox 889 2756 1037 2808; x_wconf 79' lang='lat' dir='ltr'><strong>laetissima</strong></span> <span class='ocrx_word' id='word_1_325' title='bbox 1061 2757 1175 2826; x_wconf 84' lang='lat' dir='ltr'><strong>pulvere</strong></span> 
     </span>
    </p>
   </div>
   <div class='ocr_carea' id='block_1_3' title="bbox 55 2824 1173 2894">
    <p class='ocr_par' dir='ltr' id='par_1_3' title="bbox 55 2824 1173 2894">
     <span class='ocr_line' id='line_1_36' title="bbox 55 2824 1173 2894; baseline -0.004 -15"><span class='ocrx_word' id='word_1_326' title='bbox 55 2866 58 2870; x_wconf 87' lang='lat'>-</span> <span class='ocrx_word' id='word_1_327' title='bbox 107 2876 110 2881; x_wconf 85' lang='lat'><em>.</em></span> <span class='ocrx_word' id='word_1_328' title='bbox 138 2829 223 2879; x_wconf 81' lang='lat' dir='ltr'><strong>ferra.</strong></span> <span class='ocrx_word' id='word_1_329' title='bbox 256 2826 352 2894; x_wconf 81' lang='lat' dir='ltr'><strong>Neque</strong></span> <span class='ocrx_word' id='word_1_330' title='bbox 368 2827 442 2876; x_wconf 87' lang='lat' dir='ltr'><strong>enim</strong></span> <span class='ocrx_word' id='word_1_331' title='bbox 457 2825 558 2892; x_wconf 86' lang='lat' dir='ltr'><strong>aliquid</strong></span> <span class='ocrx_word' id='word_1_332' title='bbox 572 2825 606 2874; x_wconf 87' lang='lat' dir='ltr'><strong>de</strong></span> <span class='ocrx_word' id='word_1_333' title='bbox 619 2825 727 2875; x_wconf 79' lang='lat' dir='ltr'><strong>aestatis</strong></span> <span class='ocrx_word' id='word_1_334' title='bbox 741 2825 855 2876; x_wconf 89' lang='lat' dir='ltr'><strong>solstitio</strong></span> <span class='ocrx_word' id='word_1_335' title='bbox 870 2824 911 2877; x_wconf 94' lang='lat' dir='ltr'><strong>vel</strong></span> <span class='ocrx_word' id='word_1_336' title='bbox 925 2833 1049 2894; x_wconf 85' lang='lat' dir='ltr'><strong>tempore</strong></span> <span class='ocrx_word' id='word_1_337' title='bbox 1065 2842 1173 2877; x_wconf 87' lang='lat' dir='ltr'><strong>memo·</strong></span> 
     </span>
    </p>
   </div>
   <div class='ocr_carea' id='block_1_4' title="bbox 137 2893 1174 3100">
    <p class='ocr_par' dir='ltr' id='par_1_4' title="bbox 137 2893 1174 3100">
     <span class='ocr_line' id='line_1_37' title="bbox 138 2893 1174 2962; baseline -0.003 -14"><span class='ocrx_word' id='word_1_338' title='bbox 138 2897 216 2948; x_wconf 86' lang='lat' dir='ltr'><strong>ravit.</strong></span> <span class='ocrx_word' id='word_1_339' title='bbox 249 2895 301 2947; x_wconf 80' lang='lat' dir='ltr'><strong>sed</strong></span> <span class='ocrx_word' id='word_1_340' title='bbox 325 2895 414 2946; x_wconf 80' lang='lat' dir='ltr'><strong>verior</strong></span> <span class='ocrx_word' id='word_1_341' title='bbox 439 2894 568 2962; x_wconf 67' lang='lat' dir='ltr'><strong>expositio</strong></span> <span class='ocrx_word' id='word_1_342' title='bbox 593 2893 646 2943; x_wconf 89' lang='lat' dir='ltr'><strong>hoc</strong></span> <span class='ocrx_word' id='word_1_343' title='bbox 671 2893 769 2945; x_wconf 85' lang='lat' dir='ltr'><strong>habet:</strong></span> <span class='ocrx_word' id='word_1_344' title='bbox 795 2894 912 2945; x_wconf 82' lang='lat' dir='ltr'><strong>humido</strong></span> <span class='ocrx_word' id='word_1_345' title='bbox 937 2896 1062 2944; x_wconf 82' lang='lat' dir='ltr'><strong>solstitia</strong></span> <span class='ocrx_word' id='word_1_346' title='bbox 1089 2908 1174 2962; x_wconf 78' lang='lat' dir='ltr'><strong>osque</strong></span> 
     </span>
     <span class='ocr_line' id='line_1_38' title="bbox 139 2962 1171 3028; baseline -0.001 -15"><span class='ocrx_word' id='word_1_347' title='bbox 139 2963 242 3015; x_wconf 82' lang='lat' dir='ltr'><strong>hiemes</strong></span> <span class='ocrx_word' id='word_1_348' title='bbox 260 2977 338 3013; x_wconf 82' lang='lat' dir='ltr'><strong>orote</strong></span> <span class='ocrx_word' id='word_1_349' title='bbox 357 2981 469 3012; x_wconf 81' lang='lat' dir='ltr'><strong>serenas</strong></span> <span class='ocrx_word' id='word_1_350' title='bbox 491 2963 646 3027; x_wconf 78' lang='lat' dir='ltr'><strong>Agricoloe‚</strong></span> <span class='ocrx_word' id='word_1_351' title='bbox 664 2978 719 3012; x_wconf 89' lang='lat' dir='ltr'><strong>non</strong></span> <span class='ocrx_word' id='word_1_352' title='bbox 738 2963 810 3028; x_wconf 90' lang='lat' dir='ltr'><strong>quod</strong></span> <span class='ocrx_word' id='word_1_353' title='bbox 828 2963 945 3012; x_wconf 82' lang='lat' dir='ltr'><strong>humido</strong></span> <span class='ocrx_word' id='word_1_354' title='bbox 963 2977 1022 3014; x_wconf 86' lang='lat' dir='ltr'><strong>esse</strong></span> <span class='ocrx_word' id='word_1_355' title='bbox 1042 2962 1171 3028; x_wconf 88' lang='lat' dir='ltr'><strong>debeant,</strong></span> 
     </span>
     <span class='ocr_line' id='line_1_39' title="bbox 137 3030 1173 3100; baseline -0.005 -15"><span class='ocrx_word' id='word_1_356' title='bbox 137 3033 185 3085; x_wconf 85' lang='lat' dir='ltr'><strong>sed</strong></span> <span class='ocrx_word' id='word_1_357' title='bbox 198 3031 326 3086; x_wconf 67' lang='lat' dir='ltr'><strong>‚liothida</strong></span> <span class='ocrx_word' id='word_1_358' title='bbox 350 3033 473 3081; x_wconf 82' lang='lat' dir='ltr'><strong>solstitio</strong></span> <span class='ocrx_word' id='word_1_359' title='bbox 496 3032 636 3100; x_wconf 81' lang='lat' dir='ltr'><strong>epitheton</strong></span> <span class='ocrx_word' id='word_1_360' title='bbox 661 3030 762 3081; x_wconf 87' lang='lat' dir='ltr'><strong>hiemis</strong></span> <span class='ocrx_word' id='word_1_361' title='bbox 787 3039 842 3096; x_wconf 88' lang='lat' dir='ltr'><strong>est,</strong></span> <span class='ocrx_word' id='word_1_362' title='bbox 868 3039 895 3083; x_wconf 86' lang='lat' dir='ltr'><strong>et</strong></span> <span class='ocrx_word' id='word_1_363' title='bbox 919 3031 1000 3082; x_wconf 86' lang='lat' dir='ltr'><strong>modo</strong></span> <span class='ocrx_word' id='word_1_364' title='bbox 1026 3032 1080 3082; x_wconf 88' lang='lat' dir='ltr'><strong>hoc</strong></span> <span class='ocrx_word' id='word_1_365' title='bbox 1098 3033 1173 3097; x_wconf 86' lang='lat' dir='ltr'><strong>dicit,</strong></span> 
     </span>
    </p>
   </div>
   <div class='ocr_carea' id='block_1_5' title="bbox 50 3100 1172 3168">
    <p class='ocr_par' dir='ltr' id='par_1_5' title="bbox 50 3100 1172 3168">
     <span class='ocr_line' id='line_1_40' title="bbox 50 3100 1172 3168; baseline -0.002 -16"><span class='ocrx_word' id='word_1_366' title='bbox 50 3110 53 3119; x_wconf 95' lang='lat'>&#39;</span> <span class='ocrx_word' id='word_1_367' title='bbox 137 3100 250 3154; x_wconf 80' lang='lat' dir='ltr'><strong>solstitia</strong></span> <span class='ocrx_word' id='word_1_368' title='bbox 268 3101 312 3150; x_wconf 79' lang='lat' dir='ltr'><strong>illo</strong></span> <span class='ocrx_word' id='word_1_369' title='bbox 331 3118 400 3168; x_wconf 79' lang='lat' dir='ltr'><strong>quoe</strong></span> <span class='ocrx_word' id='word_1_370' title='bbox 418 3101 529 3150; x_wconf 83' lang='lat' dir='ltr'><strong>humida</strong></span> <span class='ocrx_word' id='word_1_371' title='bbox 549 3110 611 3148; x_wconf 87' lang='lat' dir='ltr'><strong>sunt</strong></span> <span class='ocrx_word' id='word_1_372' title='bbox 627 3100 806 3164; x_wconf 81' lang='lat' dir='ltr'><strong>naturaliter,</strong></span> <span class='ocrx_word' id='word_1_373' title='bbox 822 3101 839 3150; x_wconf 89' lang='lat' dir='ltr'><strong>i.</strong></span> <span class='ocrx_word' id='word_1_374' title='bbox 859 3119 882 3151; x_wconf 89' lang='lat' dir='ltr'><strong>e.</strong></span> <span class='ocrx_word' id='word_1_375' title='bbox 901 3100 1033 3165; x_wconf 77' lang='lat' dir='ltr'><strong>hiberna,</strong></span> <span class='ocrx_word' id='word_1_376' title='bbox 1057 3115 1075 3148; x_wconf 90' lang='grc' dir='ltr'>ο</span> <span class='ocrx_word' id='word_1_377' title='bbox 1093 3103 1172 3166; x_wconf 80' lang='lat' dir='ltr'><strong>Agri-</strong></span> 
     </span>
    </p>
   </div>
   <div class='ocr_carea' id='block_1_6' title="bbox 99 3167 1172 3859">
    <p class='ocr_par' dir='ltr' id='par_1_6' title="bbox 99 3167 1172 3859">
     <span class='ocr_line' id='line_1_41' title="bbox 137 3167 1172 3232; baseline -0.002 -11"><span class='ocrx_word' id='word_1_378' title='bbox 137 3170 223 3232; x_wconf 83' lang='lat' dir='ltr'><strong>colae,</strong></span> <span class='ocrx_word' id='word_1_379' title='bbox 240 3176 268 3219; x_wconf 90' lang='lat' dir='ltr'><strong>et</strong></span> <span class='ocrx_word' id='word_1_380' title='bbox 284 3169 388 3219; x_wconf 83' lang='lat' dir='ltr'><strong>hiemes</strong></span> <span class='ocrx_word' id='word_1_381' title='bbox 406 3185 515 3219; x_wconf 79' lang='lat' dir='ltr'><strong>serenes</strong></span> <span class='ocrx_word' id='word_1_382' title='bbox 534 3175 625 3230; x_wconf 79' lang='lat' dir='ltr'><strong>orate,</strong></span> <span class='ocrx_word' id='word_1_383' title='bbox 643 3167 694 3218; x_wconf 86' lang='lat' dir='ltr'><strong>nisi</strong></span> <span class='ocrx_word' id='word_1_384' title='bbox 711 3168 788 3220; x_wconf 86' lang='lat' dir='ltr'><strong>enim</strong></span> <span class='ocrx_word' id='word_1_385' title='bbox 806 3185 936 3220; x_wconf 90' lang='lat' dir='ltr'><strong>serenum</strong></span> <span class='ocrx_word' id='word_1_386' title='bbox 953 3169 1172 3232; x_wconf 62' lang='lat' dir='ltr'><strong>caelnmrnerit,</strong></span> 
     </span>
     <span class='ocr_line' id='line_1_42' title="bbox 136 3235 1171 3306; baseline -0.003 -16"><span class='ocrx_word' id='word_1_387' title='bbox 136 3255 189 3290; x_wconf 87' lang='lat' dir='ltr'><strong>nec</strong></span> <span class='ocrx_word' id='word_1_388' title='bbox 207 3235 260 3290; x_wconf 86' lang='lat' dir='ltr'><strong>seri</strong></span> <span class='ocrx_word' id='word_1_389' title='bbox 284 3237 400 3306; x_wconf 86' lang='lat' dir='ltr'><strong>poterit,</strong></span> <span class='ocrx_word' id='word_1_390' title='bbox 423 3250 474 3287; x_wconf 85' lang='lat' dir='ltr'><strong>nec</strong></span> <span class='ocrx_word' id='word_1_391' title='bbox 500 3236 588 3297; x_wconf 80' lang='lat' dir='ltr'><strong>erari,</strong></span> <span class='ocrx_word' id='word_1_392' title='bbox 612 3245 641 3285; x_wconf 89' lang='lat' dir='ltr'><strong>ut</strong></span> <span class='ocrx_word' id='word_1_393' title='bbox 665 3236 722 3303; x_wconf 85' lang='lat' dir='ltr'><strong>ipse</strong></span> <span class='ocrx_word' id='word_1_394' title='bbox 747 3236 812 3287; x_wconf 83' lang='lat' dir='ltr'><strong>dixit</strong></span> <span class='ocrx_word' id='word_1_395' title='bbox 834 3238 863 3288; x_wconf 91' lang='lat' dir='ltr'><strong>in</strong></span> <span class='ocrx_word' id='word_1_396' title='bbox 887 3238 1025 3304; x_wconf 85' lang='lat' dir='ltr'><strong>sequenti:</strong></span> <span class='ocrx_word' id='word_1_397' title='bbox 1050 3237 1171 3288; x_wconf 61' lang='lat' dir='ltr'><strong>heterna</strong></span> 
     </span>
     <span class='ocr_line' id='line_1_43' title="bbox 136 3303 1169 3375; baseline 0 -20"><span class='ocrx_word' id='word_1_398' title='bbox 136 3308 292 3360; x_wconf 83' lang='lat' dir='ltr'><strong>laetissima</strong></span> <span class='ocrx_word' id='word_1_399' title='bbox 308 3307 418 3372; x_wconf 80' lang='lat' dir='ltr'><strong>pulvere</strong></span> <span class='ocrx_word' id='word_1_400' title='bbox 426 3303 521 3373; x_wconf 81' lang='lat' dir='ltr'><strong>farre.</strong></span> <span class='ocrx_word' id='word_1_401' title='bbox 556 3304 615 3354; x_wconf 84' lang='lat' dir='ltr'><strong>Nisi</strong></span> <span class='ocrx_word' id='word_1_402' title='bbox 630 3306 705 3354; x_wconf 89' lang='lat' dir='ltr'><strong>enim</strong></span> <span class='ocrx_word' id='word_1_403' title='bbox 718 3322 849 3357; x_wconf 89' lang='lat' dir='ltr'><strong>serenum</strong></span> <span class='ocrx_word' id='word_1_404' title='bbox 864 3308 954 3370; x_wconf 84' lang='lat' dir='ltr'><strong>fuerit,</strong></span> <span class='ocrx_word' id='word_1_405' title='bbox 968 3306 1053 3375; x_wconf 89' lang='lat' dir='ltr'><strong>pulvis</strong></span> <span class='ocrx_word' id='word_1_406' title='bbox 1068 3315 1169 3358; x_wconf 73' lang='lat' dir='ltr'><strong>eterra</strong></span> 
     </span>
     <span class='ocr_line' id='line_1_44' title="bbox 135 3372 1169 3445; baseline -0.002 -17"><span class='ocrx_word' id='word_1_407' title='bbox 135 3375 221 3428; x_wconf 81' lang='lat' dir='ltr'><strong>levari</strong></span> <span class='ocrx_word' id='word_1_408' title='bbox 237 3390 294 3424; x_wconf 88' lang='lat' dir='ltr'><strong>non</strong></span> <span class='ocrx_word' id='word_1_409' title='bbox 312 3376 420 3445; x_wconf 85' lang='lat' dir='ltr'><strong>poterit.</strong></span> <span class='ocrx_word' id='word_1_410' title='bbox 454 3374 528 3440; x_wconf 83' lang='lat' dir='ltr'><strong>Ergo</strong></span> <span class='ocrx_word' id='word_1_411' title='bbox 545 3373 599 3422; x_wconf 85' lang='lat' dir='ltr'><strong>hoc</strong></span> <span class='ocrx_word' id='word_1_412' title='bbox 617 3372 696 3433; x_wconf 74' lang='lat' dir='ltr'><strong>dicit,</strong></span> <span class='ocrx_word' id='word_1_413' title='bbox 720 3375 834 3426; x_wconf 84' lang='lat' dir='ltr'><strong>solstitia</strong></span> <span class='ocrx_word' id='word_1_414' title='bbox 851 3375 982 3436; x_wconf 81' lang='lat' dir='ltr'><strong>hiberna,</strong></span> <span class='ocrx_word' id='word_1_415' title='bbox 1005 3383 1040 3439; x_wconf 25' lang='lat' dir='ltr'><strong>etl</strong></span> <span class='ocrx_word' id='word_1_416' title='bbox 1050 3391 1109 3425; x_wconf 86' lang='lat' dir='ltr'><strong>uon</strong></span> <span class='ocrx_word' id='word_1_417' title='bbox 1127 3390 1169 3426; x_wconf 85' lang='lat' dir='ltr'><strong>so-</strong></span> 
     </span>
     <span class='ocr_line' id='line_1_45' title="bbox 135 3442 1168 3509; baseline -0.005 -12"><span class='ocrx_word' id='word_1_418' title='bbox 135 3446 194 3497; x_wconf 92' lang='lat' dir='ltr'><strong>lum</strong></span> <span class='ocrx_word' id='word_1_419' title='bbox 212 3443 339 3505; x_wconf 83' lang='lat' dir='ltr'><strong>solstitia,</strong></span> <span class='ocrx_word' id='word_1_420' title='bbox 364 3443 381 3491; x_wconf 93' lang='lat' dir='ltr'><strong>i.</strong></span> <span class='ocrx_word' id='word_1_421' title='bbox 400 3460 423 3492; x_wconf 87' lang='lat' dir='ltr'><strong>e.</strong></span> <span class='ocrx_word' id='word_1_422' title='bbox 441 3442 619 3492; x_wconf 84' lang='lat' dir='ltr'><strong>solstitiorum</strong></span> <span class='ocrx_word' id='word_1_423' title='bbox 638 3442 694 3492; x_wconf 74' lang='lat' dir='ltr'><strong>sole</strong></span> <span class='ocrx_word' id='word_1_424' title='bbox 711 3452 856 3509; x_wconf 82' lang='lat' dir='ltr'><strong>tempora,</strong></span> <span class='ocrx_word' id='word_1_425' title='bbox 879 3445 925 3495; x_wconf 88' lang='lat' dir='ltr'><strong>sed</strong></span> <span class='ocrx_word' id='word_1_426' title='bbox 944 3459 1038 3496; x_wconf 84' lang='lat' dir='ltr'><strong>omnes</strong></span> <span class='ocrx_word' id='word_1_427' title='bbox 1062 3443 1168 3494; x_wconf 85' lang='lat' dir='ltr'><strong>hiemes</strong></span> 
     </span>
     <span class='ocr_line' id='line_1_46' title="bbox 135 3509 1170 3580; baseline -0.002 -18"><span class='ocrx_word' id='word_1_428' title='bbox 135 3513 247 3569; x_wconf 58' lang='lat' dir='ltr'><strong>serenos</strong></span> <span class='ocrx_word' id='word_1_429' title='bbox 265 3509 416 3580; x_wconf 78' lang='lat' dir='ltr'><strong>optandas]</strong></span> <span class='ocrx_word' id='word_1_430' title='bbox 432 3538 463 3545; x_wconf 89' lang='lat'><em>-</em></span> <span class='ocrx_word' id='word_1_431' title='bbox 502 3514 561 3580; x_wconf 65' lang='lat' dir='ltr'><strong>tul.</strong></span> <span class='ocrx_word' id='word_1_432' title='bbox 579 3510 704 3561; x_wconf 78' lang='lat' dir='ltr'><strong>Hiberna</strong></span> <span class='ocrx_word' id='word_1_433' title='bbox 723 3515 851 3579; x_wconf 66' lang='lat' dir='ltr'><strong>pulvere,</strong></span> <span class='ocrx_word' id='word_1_434' title='bbox 877 3513 994 3563; x_wconf 84' lang='lat' dir='ltr'><strong>hiberna</strong></span> <span class='ocrx_word' id='word_1_435' title='bbox 1012 3513 1170 3575; x_wconf 84' lang='lat' dir='ltr'><strong>serenitate,</strong></span> 
     </span>
     <span class='ocr_line' id='line_1_47' title="bbox 135 3579 1167 3650; baseline -0.005 -17"><span class='ocrx_word' id='word_1_436' title='bbox 135 3599 168 3635; x_wconf 85' lang='lat' dir='ltr'><strong>eo</strong></span> <span class='ocrx_word' id='word_1_437' title='bbox 187 3580 260 3650; x_wconf 89' lang='lat' dir='ltr'><strong>quod</strong></span> <span class='ocrx_word' id='word_1_438' title='bbox 278 3580 364 3634; x_wconf 74' lang='lat' dir='ltr'><strong>nimi-e</strong></span> <span class='ocrx_word' id='word_1_439' title='bbox 382 3579 512 3629; x_wconf 73' lang='lat' dir='ltr'><strong>serenitas</strong></span> <span class='ocrx_word' id='word_1_440' title='bbox 530 3579 672 3645; x_wconf 84' lang='lat' dir='ltr'><strong>pulverem</strong></span> <span class='ocrx_word' id='word_1_441' title='bbox 687 3590 771 3632; x_wconf 78' lang='lat' dir='ltr'><strong>creat.</strong></span> <span class='ocrx_word' id='word_1_442' title='bbox 805 3584 851 3649; x_wconf 82' lang='lat' dir='ltr'><strong>[Et</strong></span> <span class='ocrx_word' id='word_1_443' title='bbox 865 3591 905 3632; x_wconf 86' lang='lat' dir='ltr'><strong>est</strong></span> <span class='ocrx_word' id='word_1_444' title='bbox 922 3598 1036 3631; x_wconf 85' lang='lat' dir='ltr'><strong>carmen</strong></span> <span class='ocrx_word' id='word_1_445' title='bbox 1054 3583 1167 3630; x_wconf 82' lang='lat' dir='ltr'><strong>rustico·</strong></span> 
     </span>
     <span class='ocr_line' id='line_1_48' title="bbox 134 3646 1165 3717; baseline -0.005 -15"><span class='ocrx_word' id='word_1_446' title='bbox 134 3667 199 3703; x_wconf 85' lang='lat' dir='ltr'><strong>rum</strong></span> <span class='ocrx_word' id='word_1_447' title='bbox 216 3649 374 3716; x_wconf 82' lang='lat' dir='ltr'><strong>antiquum:</strong></span> <span class='ocrx_word' id='word_1_448' title='bbox 402 3646 526 3698; x_wconf 80' lang='lat' dir='ltr'><strong>Hiberno</strong></span> <span class='ocrx_word' id='word_1_449' title='bbox 545 3650 673 3713; x_wconf 81' lang='lat' dir='ltr'><strong>puluere,</strong></span> <span class='ocrx_word' id='word_1_450' title='bbox 690 3669 774 3702; x_wconf 88' lang='lat' dir='ltr'><strong>verno</strong></span> <span class='ocrx_word' id='word_1_451' title='bbox 794 3652 852 3700; x_wconf 81' lang='lat' dir='ltr'><strong>luto</strong></span> <span class='ocrx_word' id='word_1_452' title='bbox 871 3652 993 3717; x_wconf 82' lang='lat' dir='ltr'><strong>grundio</strong></span> <span class='ocrx_word' id='word_1_453' title='bbox 1010 3649 1095 3714; x_wconf 79' lang='lat' dir='ltr'><strong>forro</strong></span> <span class='ocrx_word' id='word_1_454' title='bbox 1116 3650 1165 3698; x_wconf 87' lang='lat' dir='ltr'><strong>Co-</strong></span> 
     </span>
     <span class='ocr_line' id='line_1_49' title="bbox 99 3716 1167 3785; baseline -0.002 -15"><span class='ocrx_word' id='word_1_455' title='bbox 99 3778 102 3784; x_wconf 45' lang='grc'><em>,</em></span> <span class='ocrx_word' id='word_1_456' title='bbox 136 3721 214 3770; x_wconf 83' lang='lat' dir='ltr'><strong>mille</strong></span> <span class='ocrx_word' id='word_1_457' title='bbox 239 3718 358 3767; x_wconf 63' lang='lat' dir='ltr'><strong>metes*</strong></span> <span class='ocrx_word' id='word_1_458' title='bbox 387 3716 522 3766; x_wconf 75' lang='lat' dir='ltr'><strong>&#39;Cathillus</strong></span> <span class='ocrx_word' id='word_1_459' title='bbox 546 3718 702 3768; x_wconf 79' lang='lat' dir='ltr'><strong>adulescens</strong></span> <span class='ocrx_word' id='word_1_460' title='bbox 728 3717 786 3782; x_wconf 77' lang='lat' dir='ltr'><strong>est]</strong></span> <span class='ocrx_word' id='word_1_461' title='bbox 803 3746 837 3755; x_wconf 95' lang='lat'>—</span> <span class='ocrx_word' id='word_1_462' title='bbox 873 3728 934 3776; x_wconf 74' lang='lat'><strong>102.</strong></span> <span class='ocrx_word' id='word_1_463' title='bbox 951 3717 1058 3768; x_wconf 82' lang='lat' dir='ltr'><strong>Laetus</strong></span> <span class='ocrx_word' id='word_1_464' title='bbox 1085 3736 1167 3785; x_wconf 82' lang='lat' dir='ltr'><strong>ager,-</strong></span> 
     </span>
     <span class='ocr_line' id='line_1_50' title="bbox 117 3785 1167 3859; baseline -0.006 -16"><span class='ocrx_word' id='word_1_465' title='bbox 117 3789 253 3844; x_wconf 78' lang='lat' dir='ltr'><strong>hiberno</strong></span> <span class='ocrx_word' id='word_1_466' title='bbox 270 3786 374 3839; x_wconf 81' lang='lat' dir='ltr'><strong>scilicet</strong></span> <span class='ocrx_word' id='word_1_467' title='bbox 389 3799 496 3835; x_wconf 87' lang='lat' dir='ltr'><strong>sereno.</strong></span> <span class='ocrx_word' id='word_1_468' title='bbox 530 3786 614 3852; x_wconf 78' lang='lat' dir='ltr'><strong>[Quia</strong></span> <span class='ocrx_word' id='word_1_469' title='bbox 637 3785 686 3837; x_wconf 85' lang='lat' dir='ltr'><strong>ubi</strong></span> <span class='ocrx_word' id='word_1_470' title='bbox 707 3788 761 3838; x_wconf 87' lang='lat' dir='ltr'><strong>hoe</strong></span> <span class='ocrx_word' id='word_1_471' title='bbox 785 3789 947 3858; x_wconf 80' lang='lat' dir='ltr'><strong>contigerit,</strong></span> <span class='ocrx_word' id='word_1_472' title='bbox 968 3805 1005 3840; x_wconf 77' lang='lat' dir='ltr'><strong>ne</strong></span> <span class='ocrx_word' id='word_1_473' title='bbox 1021 3788 1092 3839; x_wconf 88' lang='lat' dir='ltr'><strong>haec</strong></span> <span class='ocrx_word' id='word_1_474' title='bbox 1110 3787 1167 3859; x_wconf 77' lang='lat' dir='ltr'><strong>qui·</strong></span> 
     </span>
    </p>
   </div>
   <div class='ocr_carea' id='block_1_7' title="bbox 161 3972 851 4130">
    <p class='ocr_par' dir='ltr' id='par_1_7' title="bbox 161 3972 851 4130">
     <span class='ocr_line' id='line_1_51' title="bbox 162 3972 698 4039; baseline -0.019 -9"><span class='ocrx_word' id='word_1_475' title='bbox 162 3987 215 4039; x_wconf 83' lang='lat'>100)</span> <span class='ocrx_word' id='word_1_476' title='bbox 243 3987 310 4028; x_wconf 66' lang='lat' dir='ltr'><strong>aaut</strong></span> <span class='ocrx_word' id='word_1_477' title='bbox 325 3990 340 4026; x_wconf 89' lang='lat'><strong>1.</strong></span> <span class='ocrx_word' id='word_1_478' title='bbox 354 4000 391 4037; x_wconf 87' lang='lat' dir='ltr'><strong>pro</strong></span> <span class='ocrx_word' id='word_1_479' title='bbox 406 3972 478 4025; x_wconf 77' lang='lat' dir='ltr'><strong>octavo</strong></span> <span class='ocrx_word' id='word_1_480' title='bbox 493 3996 571 4034; x_wconf 81' lang='lat' dir='ltr'><strong>semper</strong></span> <span class='ocrx_word' id='word_1_481' title='bbox 585 3985 631 4028; x_wconf 75' lang='lat' dir='ltr'><strong>heb.</strong></span> <span class='ocrx_word' id='word_1_482' title='bbox 649 3987 698 4024; x_wconf 82' lang='grc' dir='ltr'><strong>ΧΗ.</strong></span> 
     </span>
     <span class='ocr_line' id='line_1_52' title="bbox 161 4065 851 4130; baseline -0.01 -19"><span class='ocrx_word' id='word_1_483' title='bbox 161 4069 213 4120; x_wconf 82' lang='grc'>101)</span> <span class='ocrx_word' id='word_1_484' title='bbox 242 4069 268 4108; x_wconf 75' lang='lat' dir='ltr'><strong>G.</strong></span> <span class='ocrx_word' id='word_1_485' title='bbox 282 4076 347 4115; x_wconf 70' lang='lat' dir='ltr'><strong>creat,</strong></span> <span class='ocrx_word' id='word_1_486' title='bbox 362 4075 383 4109; x_wconf 83' lang='lat' dir='ltr'><strong>et</strong></span> <span class='ocrx_word' id='word_1_487' title='bbox 397 4080 489 4110; x_wconf 76' lang='lat' dir='ltr'><strong>scrooun</strong></span> <span class='ocrx_word' id='word_1_488' title='bbox 502 4080 539 4121; x_wconf 81' lang='lat' dir='ltr'><strong>per</strong></span> <span class='ocrx_word' id='word_1_489' title='bbox 552 4069 646 4130; x_wconf 66' lang='lat' dir='ltr'><strong>hyemem</strong></span> <span class='ocrx_word' id='word_1_490' title='bbox 660 4068 737 4110; x_wconf 70' lang='lat' dir='ltr'><strong>eaelum</strong></span> <span class='ocrx_word' id='word_1_491' title='bbox 751 4065 851 4120; x_wconf 66' lang='lat' dir='ltr'><strong>siguificat.</strong></span> 
     </span>
    </p>
   </div>
   <div class='ocr_carea' id='block_1_8' title="bbox 0 0 1220 4620">
    <p class='ocr_par' dir='ltr' id='par_1_8' title="bbox 0 0 1220 4620">
     <span class='ocr_line' id='line_1_53' title="bbox 0 0 1220 4620; baseline 0 4"><span class='ocrx_word' id='word_1_492' title='bbox 0 0 1220 4620; x_wconf 95' lang='lat' dir='ltr'><strong> </strong></span> 
     </span>
    </p>
   </div>
  </div>
 </body>
</html>
