2430 4620
325 297 365 342 ns
385 276 566 341 tt11tG1L11
586 274 816 339 ancones

261 1208 421 1293 aarum
450 1206 606 1280 sanun
632 1188 886 1277 uouoam

457 1397 693 1453 GRAMMATICI
762 1448 765 1453 .

11 1516 130 1694 ‘nt
197 1593 587 1706 VIRGILII
654 1591 1091 1685 BUCOLICA

305 1860 841 2013 COMMENTAhlUs.

477 2104 662 2145 ..ἱ-Α...-

56 2347 226 2474 Benefica,
249 2411 282 2456 ut
302 2403 411 2470 farum,
432 2401 507 2456 dicta
529 2419 546 2454 a
569 2399 691 2453 custodia
715 2400 817 2468 boum,
839 2403 876 2473 [i.
898 2402 934 2471 e.]
956 2399 1012 2460 uirtd
1034 2404 1090 2462 τῶν

58 2476 196 2600 mmm.
242 2473 392 2544 Praecipua
422 2471 499 2525 enim
522 2478 585 2522 sumt
606 2470 738 2524 animalia
760 2471 834 2541 apud
861 2475 976 2531 rusticos
1000 2476 1091 2532 boves.

94 2551 134 2600 'us
169 2553 268 2598 autem
296 2542 429 2594 carminis
459 2541 537 2607 origo
560 2539 635 2591 varia
658 2548 706 2591 est.
746 2541 819 2592 Nam
850 2543 897 2594 alii
919 2544 1027 2612 dicunt,
1055 2563 1089 2600 eo

62 2625 194 2688 tempore,
227 2627 283 2679 quo
308 2611 422 2672 Xerxes,
451 2609 596 2661 Persarum
622 2625 684 2671 rea,
713 2610 810 2662 invasit
833 2609 979 2663 Graeciam
987 2614 1000 2677 ,⁴
1024 2631 1089 2666 cum

63 2699 147 2738 onnes
172 2685 252 2735 intra
274 2683 369 2730 muros
391 2679 523 2742 laterent,
553 2693 604 2728 nec
637 2687 746 2746 possent
776 2694 855 2730 more
879 2679 959 2731 solito
982 2681 1089 2737 Dianae

64 2768 129 2806 sarra
145 2747 457 2823 persolviz⁸perversisse
474 2746 510 2798 ad
526 2753 633 2797 montes
651 2746 775 2797 Laconas
792 2747 920 2811 rusticos,
939 2758 967 2800 et
982 2750 1012 2802 iu
1031 2753 1089 2805 eius
1191 2770 1195 2777 ·

64 2821 191 2873 bonorem
215 2818 336 2884 hymnos
359 2815 468 2868 dixisse:
493 2815 564 2866 uude
587 2814 684 2864 natum
707 2831 821 2867 carmen
838 2815 998 2868 Bucolicum
1015 2830 1089 2872 aetas

66 2891 191 2956 posterior
208 2886 340 2938 elimavit.
373 2884 425 2936 Alii
438 2884 550 2947 dicunt,
574 2882 701 2934 Orestem
720 2900 783 2933 cum
800 2883 907 2936 Dianae
924 2887 1089 2940 Fascelitidis

67 2958 236 3010 simulacrum
258 2962 372 3022 raptum
395 2969 425 3004 ex
442 2951 550 3019 Scythia
574 2951 734 3016 adveheret,
758 2961 787 3003 et
812 2953 846 3003 ad
871 2951 992 3007 Siciliam
1018 2966 1089 3010 esset

68 3032 218 3094 tempestate
248 3024 368 3086 delatus,
398 3021 535 3091 completo
565 3036 636 3071 anno
667 3020 774 3072 Dianae
805 3023 907 3073 festum
937 3024 1089 3079 celebrasse

71 3093 179 3162 hymnis,
202 3092 325 3143 collectis
341 3090 430 3142 nautis
447 3089 516 3153 suis,
540 3096 568 3139 et
590 3088 726 3156 aliquibus
749 3088 902 3159 pastoribus
919 3096 1088 3147 convocatis:

71 3171 90 3213 st
102 3162 198 3216 exinde
224 3160 406 3228 permansisse
430 3158 500 3228 apud
524 3160 637 3209 rusticos
661 3158 751 3224 (hanc)
769 3160 1002 3216 consuetudinem.
1036 3163 1089 3216 Alii

71 3247 110 3283 uon
126 3233 245 3292 Dianae,
261 3229 310 3281 sed
327 3227 445 3298 Apollini
461 3226 561 3276 Nomio
579 3233 768 3277 consecratum
786 3230 900 3280 caimen
917 3231 970 3282 hoc
987 3232 1088 3298 volunt,

72 3313 111 3366 pso
132 3309 263 3370 tempore
280 3297 389 3350 Admeti
412 3294 486 3362 regis
510 3296 583 3364 pavit
599 3303 733 3346 armenta.
767 3296 819 3346 Alii
845 3298 951 3350 rusticis
968 3300 1088 3352 numini-

72 3365 106 3418 bus
122 3387 138 3420 a
156 3366 314 3438 pastoribus
332 3367 450 3417 dicatum
470 3366 523 3415 hcc
541 3372 665 3415 asserunt
681 3381 809 3426 carmen,
834 3374 865 3415 ut
881 3367 963 3434 Pani,
980 3369 1090 3434 Faunis,

73 3433 188 3507 lymphis
207 3451 241 3486 ac
258 3434 373 3501 Satyris;
397 3441 425 3485 et
445 3432 492 3483 hie
511 3439 552 3484 est
574 3431 655 3484 huius
679 3432 809 3484 carminis
831 3435 931 3486 titulus.
966 3437 1088 3506 Qualitas

73 3515 147 3559 sutem
171 3506 243 3556 haec
267 3511 321 3569 est:
351 3502 455 3552 scilicet
484 3501 596 3552 humilis
627 3501 779 3552 character.
822 3503 891 3554 Tres
916 3505 994 3557 euim
1025 3513 1088 3557 sunt

72 3570 254 3649 [characteres]
270 3571 399 3633 humilis,
423 3571 544 3631 medius,
561 3569 768 3637 grandiloquus:
793 3587 860 3639 quos
877 3587 972 3625 omnes
988 3575 1018 3627 in
1034 3575 1088 3626 hoc

73 3644 207 3695 usenimus
233 3648 323 3709 poeta.
357 3640 429 3690 Nam
453 3641 482 3690 in
501 3638 619 3688 Aeneide
637 3638 848 3706 grandiloquum
865 3640 963 3694 habet:
986 3644 1015 3694 in
1033 3643 1088 3694 Ge·
1160 3696 1163 3701 ,

75 3713 154 3778 ugicis
171 3709 311 3762 medium:
328 3709 356 3760 in
375 3707 508 3758 Bucolicis
525 3706 668 3770 humilem,
687 3723 737 3772 pro
755 3709 885 3774 qualitate
904 3712 1088 3778 negotiorum,

75 3787 295 3849 stpersonarum.
343 3777 416 3828 Nam
439 3789 573 3842 personae
598 3776 644 3829 hic
667 3775 785 3828 rusticae
809 3786 886 3841 sunt,
914 3780 1088 3849 simplicitate

76 3850 219 3912 pudentes:
235 3865 252 3899 a
270 3846 370 3916 quibus
387 3845 456 3896 nihil
472 3843 565 3894 altum·
577 3843 659 3895 debet
674 3844 788 3910 requiri.
823 3846 974 3898 Adhibetur
993 3855 1087 3900 autem

78 3915 221 3971 sturmen
245 3916 418 3967 bucolicum.
442 3911 515 3978 quod
533 3911 614 3963 debet
637 3919 735 3980 quarto
760 3913 830 3979 pede
853 3917 1008 3968 terminare
1024 3931 1088 3984 par·

78 3986 115 4037 lm
129 3985 269 4039 orationis.
304 3982 358 4051 Qui
375 3998 423 4050 pes
440 3981 462 4031 si
487 3980 521 4030 sit
538 3980 671 4050 dactylus,
694 3980 841 4033 meliorem
864 3983 948 4035 eflicit
963 3999 1087 4036 versum:

80 4057 108 4100 u:
124 4055 181 4112 Nos
198 4055 312 4122 patrias
324 4051 417 4121 fines,
440 4061 465 4102 ss
483 4049 589 4101 dulcia.
624 4049 733 4101 Primus
758 4050 842 4102 etiam
867 4067 916 4121 pas
933 4051 1086 4106 secundum
